%YAML 1.1
%TAG !u! tag:unity3d.com,2011:
--- !u!1 &100000
GameObject:
  m_ObjectHideFlags: 1
  m_PrefabParentObject: {fileID: 0}
  m_PrefabInternal: {fileID: 100100000}
  serializedVersion: 4
  m_Component:
  - 4: {fileID: 400000}
  m_Layer: 10
  m_Name: char_ethan_LeftHandPinky3
  m_TagString: Untagged
  m_Icon: {fileID: 0}
  m_NavMeshLayer: 0
  m_StaticEditorFlags: 0
  m_IsActive: 1
--- !u!1 &100002
GameObject:
  m_ObjectHideFlags: 1
  m_PrefabParentObject: {fileID: 0}
  m_PrefabInternal: {fileID: 100100000}
  serializedVersion: 4
  m_Component:
  - 4: {fileID: 400002}
  m_Layer: 10
  m_Name: char_ethan_UpperLip
  m_TagString: Untagged
  m_Icon: {fileID: 0}
  m_NavMeshLayer: 0
  m_StaticEditorFlags: 0
  m_IsActive: 1
--- !u!1 &100004
GameObject:
  m_ObjectHideFlags: 0
  m_PrefabParentObject: {fileID: 0}
  m_PrefabInternal: {fileID: 100100000}
  serializedVersion: 4
  m_Component:
  - 4: {fileID: 400004}
  m_Layer: 10
  m_Name: char_ethan_skeleton
  m_TagString: Untagged
  m_Icon: {fileID: 0}
  m_NavMeshLayer: 0
  m_StaticEditorFlags: 0
  m_IsActive: 1
--- !u!1 &100006
GameObject:
  m_ObjectHideFlags: 1
  m_PrefabParentObject: {fileID: 0}
  m_PrefabInternal: {fileID: 100100000}
  serializedVersion: 4
  m_Component:
  - 4: {fileID: 400006}
  m_Layer: 10
  m_Name: char_ethan_RightLeg
  m_TagString: Untagged
  m_Icon: {fileID: 0}
  m_NavMeshLayer: 0
  m_StaticEditorFlags: 0
  m_IsActive: 1
--- !u!1 &100008
GameObject:
  m_ObjectHideFlags: 1
  m_PrefabParentObject: {fileID: 0}
  m_PrefabInternal: {fileID: 100100000}
  serializedVersion: 4
  m_Component:
  - 4: {fileID: 400008}
  m_Layer: 10
  m_Name: char_cyberKid_Badge
  m_TagString: Untagged
  m_Icon: {fileID: 0}
  m_NavMeshLayer: 0
  m_StaticEditorFlags: 0
  m_IsActive: 1
--- !u!1 &100010
GameObject:
  m_ObjectHideFlags: 1
  m_PrefabParentObject: {fileID: 0}
  m_PrefabInternal: {fileID: 100100000}
  serializedVersion: 4
  m_Component:
  - 4: {fileID: 400010}
  m_Layer: 10
  m_Name: char_ethan_LeftHandThumb1
  m_TagString: Untagged
  m_Icon: {fileID: 0}
  m_NavMeshLayer: 0
  m_StaticEditorFlags: 0
  m_IsActive: 1
--- !u!1 &100012
GameObject:
  m_ObjectHideFlags: 1
  m_PrefabParentObject: {fileID: 0}
  m_PrefabInternal: {fileID: 100100000}
  serializedVersion: 4
  m_Component:
  - 4: {fileID: 400012}
  m_Layer: 10
  m_Name: char_ethan_RightLowerLip
  m_TagString: Untagged
  m_Icon: {fileID: 0}
  m_NavMeshLayer: 0
  m_StaticEditorFlags: 0
  m_IsActive: 1
--- !u!1 &100014
GameObject:
  m_ObjectHideFlags: 1
  m_PrefabParentObject: {fileID: 0}
  m_PrefabInternal: {fileID: 100100000}
  serializedVersion: 4
  m_Component:
  - 4: {fileID: 400014}
  m_Layer: 10
  m_Name: char_ethan_RightHandRing1
  m_TagString: Untagged
  m_Icon: {fileID: 0}
  m_NavMeshLayer: 0
  m_StaticEditorFlags: 0
  m_IsActive: 1
--- !u!1 &100016
GameObject:
  m_ObjectHideFlags: 1
  m_PrefabParentObject: {fileID: 0}
  m_PrefabInternal: {fileID: 100100000}
  serializedVersion: 4
  m_Component:
  - 4: {fileID: 400016}
  m_Layer: 10
  m_Name: char_ethan_LeftLeg
  m_TagString: Untagged
  m_Icon: {fileID: 0}
  m_NavMeshLayer: 0
  m_StaticEditorFlags: 0
  m_IsActive: 1
--- !u!1 &100018
GameObject:
  m_ObjectHideFlags: 1
  m_PrefabParentObject: {fileID: 0}
  m_PrefabInternal: {fileID: 100100000}
  serializedVersion: 4
  m_Component:
  - 4: {fileID: 400018}
  m_Layer: 10
  m_Name: char_ethan_RightToe2
  m_TagString: Untagged
  m_Icon: {fileID: 0}
  m_NavMeshLayer: 0
  m_StaticEditorFlags: 0
  m_IsActive: 1
--- !u!1 &100020
GameObject:
  m_ObjectHideFlags: 1
  m_PrefabParentObject: {fileID: 0}
  m_PrefabInternal: {fileID: 100100000}
  serializedVersion: 4
  m_Component:
  - 4: {fileID: 400020}
  m_Layer: 10
  m_Name: char_ethan_Neck
  m_TagString: Untagged
  m_Icon: {fileID: 0}
  m_NavMeshLayer: 0
  m_StaticEditorFlags: 0
  m_IsActive: 1
--- !u!1 &100022
GameObject:
  m_ObjectHideFlags: 1
  m_PrefabParentObject: {fileID: 0}
  m_PrefabInternal: {fileID: 100100000}
  serializedVersion: 4
  m_Component:
  - 4: {fileID: 400022}
  m_Layer: 10
  m_Name: char_ethan_LeftHandThumb3
  m_TagString: Untagged
  m_Icon: {fileID: 0}
  m_NavMeshLayer: 0
  m_StaticEditorFlags: 0
  m_IsActive: 1
--- !u!1 &100024
GameObject:
  m_ObjectHideFlags: 1
  m_PrefabParentObject: {fileID: 0}
  m_PrefabInternal: {fileID: 100100000}
  serializedVersion: 4
  m_Component:
  - 4: {fileID: 400024}
  m_Layer: 10
  m_Name: char_ethan_RightForeArm
  m_TagString: Untagged
  m_Icon: {fileID: 0}
  m_NavMeshLayer: 0
  m_StaticEditorFlags: 0
  m_IsActive: 1
--- !u!1 &100026
GameObject:
  m_ObjectHideFlags: 1
  m_PrefabParentObject: {fileID: 0}
  m_PrefabInternal: {fileID: 100100000}
  serializedVersion: 4
  m_Component:
  - 4: {fileID: 400026}
  m_Layer: 10
  m_Name: char_ethan_LeftUpLeg
  m_TagString: Untagged
  m_Icon: {fileID: 0}
  m_NavMeshLayer: 0
  m_StaticEditorFlags: 0
  m_IsActive: 1
--- !u!1 &100028
GameObject:
  m_ObjectHideFlags: 0
  m_PrefabParentObject: {fileID: 0}
  m_PrefabInternal: {fileID: 100100000}
  serializedVersion: 4
  m_Component:
  - 4: {fileID: 400028}
  - 95: {fileID: 9500000}
  - 136: {fileID: 13600000}
  - 54: {fileID: 5400000}
  - 195: {fileID: 19500000}
  - 114: {fileID: 11407296}
  m_Layer: 10
  m_Name: Player
  m_TagString: Player
  m_Icon: {fileID: 0}
  m_NavMeshLayer: 0
  m_StaticEditorFlags: 0
  m_IsActive: 1
--- !u!1 &100030
GameObject:
  m_ObjectHideFlags: 1
  m_PrefabParentObject: {fileID: 0}
  m_PrefabInternal: {fileID: 100100000}
  serializedVersion: 4
  m_Component:
  - 4: {fileID: 400030}
  m_Layer: 10
  m_Name: char_ethan_Spine1
  m_TagString: Untagged
  m_Icon: {fileID: 0}
  m_NavMeshLayer: 0
  m_StaticEditorFlags: 0
  m_IsActive: 1
--- !u!1 &100032
GameObject:
  m_ObjectHideFlags: 1
  m_PrefabParentObject: {fileID: 0}
  m_PrefabInternal: {fileID: 100100000}
  serializedVersion: 4
  m_Component:
  - 4: {fileID: 400032}
  m_Layer: 10
  m_Name: char_ethan_RightHandMiddle1
  m_TagString: Untagged
  m_Icon: {fileID: 0}
  m_NavMeshLayer: 0
  m_StaticEditorFlags: 0
  m_IsActive: 1
--- !u!1 &100034
GameObject:
  m_ObjectHideFlags: 1
  m_PrefabParentObject: {fileID: 0}
  m_PrefabInternal: {fileID: 100100000}
  serializedVersion: 4
  m_Component:
  - 4: {fileID: 400034}
  m_Layer: 10
  m_Name: char_ethan_LeftHandRing2
  m_TagString: Untagged
  m_Icon: {fileID: 0}
  m_NavMeshLayer: 0
  m_StaticEditorFlags: 0
  m_IsActive: 1
--- !u!1 &100036
GameObject:
  m_ObjectHideFlags: 1
  m_PrefabParentObject: {fileID: 0}
  m_PrefabInternal: {fileID: 100100000}
  serializedVersion: 4
  m_Component:
  - 4: {fileID: 400036}
  m_Layer: 10
  m_Name: char_ethan_LeftHandThumb2
  m_TagString: Untagged
  m_Icon: {fileID: 0}
  m_NavMeshLayer: 0
  m_StaticEditorFlags: 0
  m_IsActive: 1
--- !u!1 &100038
GameObject:
  m_ObjectHideFlags: 1
  m_PrefabParentObject: {fileID: 0}
  m_PrefabInternal: {fileID: 100100000}
  serializedVersion: 4
  m_Component:
  - 4: {fileID: 400038}
  m_Layer: 10
  m_Name: char_ethan_LeftHandRing3
  m_TagString: Untagged
  m_Icon: {fileID: 0}
  m_NavMeshLayer: 0
  m_StaticEditorFlags: 0
  m_IsActive: 1
--- !u!1 &100040
GameObject:
  m_ObjectHideFlags: 1
  m_PrefabParentObject: {fileID: 0}
  m_PrefabInternal: {fileID: 100100000}
  serializedVersion: 4
  m_Component:
  - 4: {fileID: 400040}
  m_Layer: 10
  m_Name: char_ethan_Spine
  m_TagString: Untagged
  m_Icon: {fileID: 0}
  m_NavMeshLayer: 0
  m_StaticEditorFlags: 0
  m_IsActive: 1
--- !u!1 &100042
GameObject:
  m_ObjectHideFlags: 0
  m_PrefabParentObject: {fileID: 0}
  m_PrefabInternal: {fileID: 100100000}
  serializedVersion: 4
  m_Component:
  - 4: {fileID: 400042}
  - 137: {fileID: 13700000}
  m_Layer: 10
  m_Name: char_ethan_board
  m_TagString: Untagged
  m_Icon: {fileID: 0}
  m_NavMeshLayer: 0
  m_StaticEditorFlags: 0
  m_IsActive: 1
--- !u!1 &100044
GameObject:
  m_ObjectHideFlags: 1
  m_PrefabParentObject: {fileID: 0}
  m_PrefabInternal: {fileID: 100100000}
  serializedVersion: 4
  m_Component:
  - 4: {fileID: 400044}
  m_Layer: 10
  m_Name: char_ethan_LeftHandIndex4
  m_TagString: Untagged
  m_Icon: {fileID: 0}
  m_NavMeshLayer: 0
  m_StaticEditorFlags: 0
  m_IsActive: 1
--- !u!1 &100046
GameObject:
  m_ObjectHideFlags: 1
  m_PrefabParentObject: {fileID: 0}
  m_PrefabInternal: {fileID: 100100000}
  serializedVersion: 4
  m_Component:
  - 4: {fileID: 400046}
  m_Layer: 10
  m_Name: char_ethan_RightHandRing2
  m_TagString: Untagged
  m_Icon: {fileID: 0}
  m_NavMeshLayer: 0
  m_StaticEditorFlags: 0
  m_IsActive: 1
--- !u!1 &100048
GameObject:
  m_ObjectHideFlags: 1
  m_PrefabParentObject: {fileID: 0}
  m_PrefabInternal: {fileID: 100100000}
  serializedVersion: 4
  m_Component:
  - 4: {fileID: 400048}
  m_Layer: 10
  m_Name: char_ethan_LeftToe1
  m_TagString: Untagged
  m_Icon: {fileID: 0}
  m_NavMeshLayer: 0
  m_StaticEditorFlags: 0
  m_IsActive: 1
--- !u!1 &100050
GameObject:
  m_ObjectHideFlags: 1
  m_PrefabParentObject: {fileID: 0}
  m_PrefabInternal: {fileID: 100100000}
  serializedVersion: 4
  m_Component:
  - 4: {fileID: 400050}
  m_Layer: 10
  m_Name: char_ethan_RightHandPinky1
  m_TagString: Untagged
  m_Icon: {fileID: 0}
  m_NavMeshLayer: 0
  m_StaticEditorFlags: 0
  m_IsActive: 1
--- !u!1 &100052
GameObject:
  m_ObjectHideFlags: 1
  m_PrefabParentObject: {fileID: 0}
  m_PrefabInternal: {fileID: 100100000}
  serializedVersion: 4
  m_Component:
  - 4: {fileID: 400052}
  m_Layer: 10
  m_Name: char_ethan_LeftHandMiddle1
  m_TagString: Untagged
  m_Icon: {fileID: 0}
  m_NavMeshLayer: 0
  m_StaticEditorFlags: 0
  m_IsActive: 1
--- !u!1 &100054
GameObject:
  m_ObjectHideFlags: 1
  m_PrefabParentObject: {fileID: 0}
  m_PrefabInternal: {fileID: 100100000}
  serializedVersion: 4
  m_Component:
  - 4: {fileID: 400054}
  m_Layer: 10
  m_Name: char_ethan_RightHand
  m_TagString: Untagged
  m_Icon: {fileID: 0}
  m_NavMeshLayer: 0
  m_StaticEditorFlags: 0
  m_IsActive: 1
--- !u!1 &100056
GameObject:
  m_ObjectHideFlags: 0
  m_PrefabParentObject: {fileID: 0}
  m_PrefabInternal: {fileID: 100100000}
  serializedVersion: 4
  m_Component:
  - 4: {fileID: 400056}
  - 33: {fileID: 3300000}
  - 23: {fileID: 2300000}
  m_Layer: 10
  m_Name: GunBarrel
  m_TagString: Untagged
  m_Icon: {fileID: 0}
  m_NavMeshLayer: 0
  m_StaticEditorFlags: 0
  m_IsActive: 1
--- !u!1 &100058
GameObject:
  m_ObjectHideFlags: 1
  m_PrefabParentObject: {fileID: 0}
  m_PrefabInternal: {fileID: 100100000}
  serializedVersion: 4
  m_Component:
  - 4: {fileID: 400058}
  m_Layer: 10
  m_Name: char_ethan_RightHandPinky2
  m_TagString: Untagged
  m_Icon: {fileID: 0}
  m_NavMeshLayer: 0
  m_StaticEditorFlags: 0
  m_IsActive: 1
--- !u!1 &100060
GameObject:
  m_ObjectHideFlags: 1
  m_PrefabParentObject: {fileID: 0}
  m_PrefabInternal: {fileID: 100100000}
  serializedVersion: 4
  m_Component:
  - 4: {fileID: 400060}
  m_Layer: 10
  m_Name: char_ethan_LeftCorner
  m_TagString: Untagged
  m_Icon: {fileID: 0}
  m_NavMeshLayer: 0
  m_StaticEditorFlags: 0
  m_IsActive: 1
--- !u!1 &100062
GameObject:
  m_ObjectHideFlags: 1
  m_PrefabParentObject: {fileID: 0}
  m_PrefabInternal: {fileID: 100100000}
  serializedVersion: 4
  m_Component:
  - 4: {fileID: 400062}
  m_Layer: 10
  m_Name: char_ethan_RightCorner
  m_TagString: Untagged
  m_Icon: {fileID: 0}
  m_NavMeshLayer: 0
  m_StaticEditorFlags: 0
  m_IsActive: 1
--- !u!1 &100064
GameObject:
  m_ObjectHideFlags: 1
  m_PrefabParentObject: {fileID: 0}
  m_PrefabInternal: {fileID: 100100000}
  serializedVersion: 4
  m_Component:
  - 4: {fileID: 400064}
  m_Layer: 10
  m_Name: char_ethan_RightBrow
  m_TagString: Untagged
  m_Icon: {fileID: 0}
  m_NavMeshLayer: 0
  m_StaticEditorFlags: 0
  m_IsActive: 1
--- !u!1 &100066
GameObject:
  m_ObjectHideFlags: 1
  m_PrefabParentObject: {fileID: 0}
  m_PrefabInternal: {fileID: 100100000}
  serializedVersion: 4
  m_Component:
  - 4: {fileID: 400066}
  m_Layer: 10
  m_Name: char_ethan_RightEye
  m_TagString: Untagged
  m_Icon: {fileID: 0}
  m_NavMeshLayer: 0
  m_StaticEditorFlags: 0
  m_IsActive: 1
--- !u!1 &100068
GameObject:
  m_ObjectHideFlags: 1
  m_PrefabParentObject: {fileID: 0}
  m_PrefabInternal: {fileID: 100100000}
  serializedVersion: 4
  m_Component:
  - 4: {fileID: 400068}
  m_Layer: 10
  m_Name: char_ethan_RightUpLeg
  m_TagString: Untagged
  m_Icon: {fileID: 0}
  m_NavMeshLayer: 0
  m_StaticEditorFlags: 0
  m_IsActive: 1
--- !u!1 &100070
GameObject:
  m_ObjectHideFlags: 1
  m_PrefabParentObject: {fileID: 0}
  m_PrefabInternal: {fileID: 100100000}
  serializedVersion: 4
  m_Component:
  - 4: {fileID: 400070}
  m_Layer: 10
  m_Name: char_ethan_RightHandMiddle4
  m_TagString: Untagged
  m_Icon: {fileID: 0}
  m_NavMeshLayer: 0
  m_StaticEditorFlags: 0
  m_IsActive: 1
--- !u!1 &100072
GameObject:
  m_ObjectHideFlags: 1
  m_PrefabParentObject: {fileID: 0}
  m_PrefabInternal: {fileID: 100100000}
  serializedVersion: 4
  m_Component:
  - 4: {fileID: 400072}
  m_Layer: 10
  m_Name: char_ethan_LeftHandMiddle3
  m_TagString: Untagged
  m_Icon: {fileID: 0}
  m_NavMeshLayer: 0
  m_StaticEditorFlags: 0
  m_IsActive: 1
--- !u!1 &100074
GameObject:
  m_ObjectHideFlags: 1
  m_PrefabParentObject: {fileID: 0}
  m_PrefabInternal: {fileID: 100100000}
  serializedVersion: 4
  m_Component:
  - 4: {fileID: 400074}
  m_Layer: 10
  m_Name: char_ethan_RightHandPinky3
  m_TagString: Untagged
  m_Icon: {fileID: 0}
  m_NavMeshLayer: 0
  m_StaticEditorFlags: 0
  m_IsActive: 1
--- !u!1 &100076
GameObject:
  m_ObjectHideFlags: 1
  m_PrefabParentObject: {fileID: 0}
  m_PrefabInternal: {fileID: 100100000}
  serializedVersion: 4
  m_Component:
  - 4: {fileID: 400076}
  m_Layer: 10
  m_Name: char_ethan_RightArm
  m_TagString: Untagged
  m_Icon: {fileID: 0}
  m_NavMeshLayer: 0
  m_StaticEditorFlags: 0
  m_IsActive: 1
--- !u!1 &100078
GameObject:
  m_ObjectHideFlags: 1
  m_PrefabParentObject: {fileID: 0}
  m_PrefabInternal: {fileID: 100100000}
  serializedVersion: 4
  m_Component:
  - 4: {fileID: 400078}
  m_Layer: 10
  m_Name: char_ethan_RightHandThumb4
  m_TagString: Untagged
  m_Icon: {fileID: 0}
  m_NavMeshLayer: 0
  m_StaticEditorFlags: 0
  m_IsActive: 1
--- !u!1 &100080
GameObject:
  m_ObjectHideFlags: 1
  m_PrefabParentObject: {fileID: 0}
  m_PrefabInternal: {fileID: 100100000}
  serializedVersion: 4
  m_Component:
  - 4: {fileID: 400080}
  m_Layer: 10
  m_Name: char_ethan_LeftForeArm
  m_TagString: Untagged
  m_Icon: {fileID: 0}
  m_NavMeshLayer: 0
  m_StaticEditorFlags: 0
  m_IsActive: 1
--- !u!1 &100082
GameObject:
  m_ObjectHideFlags: 1
  m_PrefabParentObject: {fileID: 0}
  m_PrefabInternal: {fileID: 100100000}
  serializedVersion: 4
  m_Component:
  - 4: {fileID: 400082}
  m_Layer: 10
  m_Name: char_ethan_RightHandIndex4
  m_TagString: Untagged
  m_Icon: {fileID: 0}
  m_NavMeshLayer: 0
  m_StaticEditorFlags: 0
  m_IsActive: 1
--- !u!1 &100084
GameObject:
  m_ObjectHideFlags: 1
  m_PrefabParentObject: {fileID: 0}
  m_PrefabInternal: {fileID: 100100000}
  serializedVersion: 4
  m_Component:
  - 4: {fileID: 400084}
  m_Layer: 10
  m_Name: char_ethan_LeftHandPinky1
  m_TagString: Untagged
  m_Icon: {fileID: 0}
  m_NavMeshLayer: 0
  m_StaticEditorFlags: 0
  m_IsActive: 1
--- !u!1 &100086
GameObject:
  m_ObjectHideFlags: 1
  m_PrefabParentObject: {fileID: 0}
  m_PrefabInternal: {fileID: 100100000}
  serializedVersion: 4
  m_Component:
  - 4: {fileID: 400086}
  m_Layer: 10
  m_Name: char_ethan_LeftHandPinky2
  m_TagString: Untagged
  m_Icon: {fileID: 0}
  m_NavMeshLayer: 0
  m_StaticEditorFlags: 0
  m_IsActive: 1
--- !u!1 &100088
GameObject:
  m_ObjectHideFlags: 1
  m_PrefabParentObject: {fileID: 0}
  m_PrefabInternal: {fileID: 100100000}
  serializedVersion: 4
  m_Component:
  - 4: {fileID: 400088}
  m_Layer: 10
  m_Name: char_ethan_LeftHandMiddle4
  m_TagString: Untagged
  m_Icon: {fileID: 0}
  m_NavMeshLayer: 0
  m_StaticEditorFlags: 0
  m_IsActive: 1
--- !u!1 &100090
GameObject:
  m_ObjectHideFlags: 1
  m_PrefabParentObject: {fileID: 0}
  m_PrefabInternal: {fileID: 100100000}
  serializedVersion: 4
  m_Component:
  - 4: {fileID: 400090}
  m_Layer: 10
  m_Name: char_ethan_RightToe1
  m_TagString: Untagged
  m_Icon: {fileID: 0}
  m_NavMeshLayer: 0
  m_StaticEditorFlags: 0
  m_IsActive: 1
--- !u!1 &100092
GameObject:
  m_ObjectHideFlags: 1
  m_PrefabParentObject: {fileID: 0}
  m_PrefabInternal: {fileID: 100100000}
  serializedVersion: 4
  m_Component:
  - 4: {fileID: 400092}
  m_Layer: 10
  m_Name: char_ethan_LeftHand
  m_TagString: Untagged
  m_Icon: {fileID: 0}
  m_NavMeshLayer: 0
  m_StaticEditorFlags: 0
  m_IsActive: 1
--- !u!1 &100094
GameObject:
  m_ObjectHideFlags: 1
  m_PrefabParentObject: {fileID: 0}
  m_PrefabInternal: {fileID: 100100000}
  serializedVersion: 4
  m_Component:
  - 4: {fileID: 400094}
  m_Layer: 10
  m_Name: char_ethan_LeftHandThumb4
  m_TagString: Untagged
  m_Icon: {fileID: 0}
  m_NavMeshLayer: 0
  m_StaticEditorFlags: 0
  m_IsActive: 1
--- !u!1 &100096
GameObject:
  m_ObjectHideFlags: 1
  m_PrefabParentObject: {fileID: 0}
  m_PrefabInternal: {fileID: 100100000}
  serializedVersion: 4
  m_Component:
  - 4: {fileID: 400096}
  m_Layer: 10
  m_Name: char_ethan_LeftHandPinky4
  m_TagString: Untagged
  m_Icon: {fileID: 0}
  m_NavMeshLayer: 0
  m_StaticEditorFlags: 0
  m_IsActive: 1
--- !u!1 &100098
GameObject:
  m_ObjectHideFlags: 1
  m_PrefabParentObject: {fileID: 0}
  m_PrefabInternal: {fileID: 100100000}
  serializedVersion: 4
  m_Component:
  - 4: {fileID: 400098}
  m_Layer: 10
  m_Name: char_ethan_RightHandIndex2
  m_TagString: Untagged
  m_Icon: {fileID: 0}
  m_NavMeshLayer: 0
  m_StaticEditorFlags: 0
  m_IsActive: 1
--- !u!1 &100100
GameObject:
  m_ObjectHideFlags: 1
  m_PrefabParentObject: {fileID: 0}
  m_PrefabInternal: {fileID: 100100000}
  serializedVersion: 4
  m_Component:
  - 4: {fileID: 400100}
  m_Layer: 10
  m_Name: char_ethan_RightUpperLip
  m_TagString: Untagged
  m_Icon: {fileID: 0}
  m_NavMeshLayer: 0
  m_StaticEditorFlags: 0
  m_IsActive: 1
--- !u!1 &100102
GameObject:
  m_ObjectHideFlags: 1
  m_PrefabParentObject: {fileID: 0}
  m_PrefabInternal: {fileID: 100100000}
  serializedVersion: 4
  m_Component:
  - 4: {fileID: 400102}
  m_Layer: 10
  m_Name: char_ethan_RightHandRing3
  m_TagString: Untagged
  m_Icon: {fileID: 0}
  m_NavMeshLayer: 0
  m_StaticEditorFlags: 0
  m_IsActive: 1
--- !u!1 &100104
GameObject:
  m_ObjectHideFlags: 1
  m_PrefabParentObject: {fileID: 0}
  m_PrefabInternal: {fileID: 100100000}
  serializedVersion: 4
  m_Component:
  - 4: {fileID: 400104}
  m_Layer: 10
  m_Name: char_ethan_RightBlink
  m_TagString: Untagged
  m_Icon: {fileID: 0}
  m_NavMeshLayer: 0
  m_StaticEditorFlags: 0
  m_IsActive: 1
--- !u!1 &100106
GameObject:
  m_ObjectHideFlags: 1
  m_PrefabParentObject: {fileID: 0}
  m_PrefabInternal: {fileID: 100100000}
  serializedVersion: 4
  m_Component:
  - 4: {fileID: 400106}
  m_Layer: 10
  m_Name: char_ethan_LeftEye
  m_TagString: Untagged
  m_Icon: {fileID: 0}
  m_NavMeshLayer: 0
  m_StaticEditorFlags: 0
  m_IsActive: 1
--- !u!1 &100108
GameObject:
  m_ObjectHideFlags: 1
  m_PrefabParentObject: {fileID: 0}
  m_PrefabInternal: {fileID: 100100000}
  serializedVersion: 4
  m_Component:
  - 4: {fileID: 400108}
  m_Layer: 10
  m_Name: char_ethan_RightFoot
  m_TagString: Untagged
  m_Icon: {fileID: 0}
  m_NavMeshLayer: 0
  m_StaticEditorFlags: 0
  m_IsActive: 1
--- !u!1 &100110
GameObject:
  m_ObjectHideFlags: 0
  m_PrefabParentObject: {fileID: 0}
  m_PrefabInternal: {fileID: 100100000}
  serializedVersion: 4
  m_Component:
  - 4: {fileID: 400110}
  - 137: {fileID: 13700002}
  m_Layer: 10
  m_Name: char_ethan_body
  m_TagString: Untagged
  m_Icon: {fileID: 0}
  m_NavMeshLayer: 0
  m_StaticEditorFlags: 0
  m_IsActive: 1
--- !u!1 &100112
GameObject:
  m_ObjectHideFlags: 0
  m_PrefabParentObject: {fileID: 0}
  m_PrefabInternal: {fileID: 100100000}
  serializedVersion: 4
  m_Component:
  - 4: {fileID: 400112}
  - 137: {fileID: 13700004}
  m_Layer: 10
  m_Name: char_ethan_harness
  m_TagString: Untagged
  m_Icon: {fileID: 0}
  m_NavMeshLayer: 0
  m_StaticEditorFlags: 0
  m_IsActive: 1
--- !u!1 &100114
GameObject:
  m_ObjectHideFlags: 1
  m_PrefabParentObject: {fileID: 0}
  m_PrefabInternal: {fileID: 100100000}
  serializedVersion: 4
  m_Component:
  - 4: {fileID: 400114}
  m_Layer: 10
  m_Name: char_ethan_LeftHandIndex1
  m_TagString: Untagged
  m_Icon: {fileID: 0}
  m_NavMeshLayer: 0
  m_StaticEditorFlags: 0
  m_IsActive: 1
--- !u!1 &100116
GameObject:
  m_ObjectHideFlags: 1
  m_PrefabParentObject: {fileID: 0}
  m_PrefabInternal: {fileID: 100100000}
  serializedVersion: 4
  m_Component:
  - 4: {fileID: 400116}
  m_Layer: 10
  m_Name: char_ethan_LowerLip
  m_TagString: Untagged
  m_Icon: {fileID: 0}
  m_NavMeshLayer: 0
  m_StaticEditorFlags: 0
  m_IsActive: 1
--- !u!1 &100118
GameObject:
  m_ObjectHideFlags: 1
  m_PrefabParentObject: {fileID: 0}
  m_PrefabInternal: {fileID: 100100000}
  serializedVersion: 4
  m_Component:
  - 4: {fileID: 400118}
  m_Layer: 10
  m_Name: char_ethan_Jaw
  m_TagString: Untagged
  m_Icon: {fileID: 0}
  m_NavMeshLayer: 0
  m_StaticEditorFlags: 0
  m_IsActive: 1
--- !u!1 &100120
GameObject:
  m_ObjectHideFlags: 1
  m_PrefabParentObject: {fileID: 0}
  m_PrefabInternal: {fileID: 100100000}
  serializedVersion: 4
  m_Component:
  - 4: {fileID: 400120}
  m_Layer: 10
  m_Name: char_ethan_RightHandMiddle3
  m_TagString: Untagged
  m_Icon: {fileID: 0}
  m_NavMeshLayer: 0
  m_StaticEditorFlags: 0
  m_IsActive: 1
--- !u!1 &100122
GameObject:
  m_ObjectHideFlags: 1
  m_PrefabParentObject: {fileID: 0}
  m_PrefabInternal: {fileID: 100100000}
  serializedVersion: 4
  m_Component:
  - 4: {fileID: 400122}
  m_Layer: 10
  m_Name: char_ethan_LeftLowerLip
  m_TagString: Untagged
  m_Icon: {fileID: 0}
  m_NavMeshLayer: 0
  m_StaticEditorFlags: 0
  m_IsActive: 1
--- !u!1 &100124
GameObject:
  m_ObjectHideFlags: 1
  m_PrefabParentObject: {fileID: 0}
  m_PrefabInternal: {fileID: 100100000}
  serializedVersion: 4
  m_Component:
  - 4: {fileID: 400124}
  m_Layer: 10
  m_Name: char_ethan_LeftShoulder
  m_TagString: Untagged
  m_Icon: {fileID: 0}
  m_NavMeshLayer: 0
  m_StaticEditorFlags: 0
  m_IsActive: 1
--- !u!1 &100126
GameObject:
  m_ObjectHideFlags: 1
  m_PrefabParentObject: {fileID: 0}
  m_PrefabInternal: {fileID: 100100000}
  serializedVersion: 4
  m_Component:
  - 4: {fileID: 400126}
  m_Layer: 10
  m_Name: char_ethan_LeftHandRing4
  m_TagString: Untagged
  m_Icon: {fileID: 0}
  m_NavMeshLayer: 0
  m_StaticEditorFlags: 0
  m_IsActive: 1
--- !u!1 &100128
GameObject:
  m_ObjectHideFlags: 1
  m_PrefabParentObject: {fileID: 0}
  m_PrefabInternal: {fileID: 100100000}
  serializedVersion: 4
  m_Component:
  - 4: {fileID: 400128}
  m_Layer: 10
  m_Name: char_ethan_LeftBrow
  m_TagString: Untagged
  m_Icon: {fileID: 0}
  m_NavMeshLayer: 0
  m_StaticEditorFlags: 0
  m_IsActive: 1
--- !u!1 &100130
GameObject:
  m_ObjectHideFlags: 1
  m_PrefabParentObject: {fileID: 0}
  m_PrefabInternal: {fileID: 100100000}
  serializedVersion: 4
  m_Component:
  - 4: {fileID: 400130}
  m_Layer: 10
  m_Name: char_ethan_RightHandIndex1
  m_TagString: Untagged
  m_Icon: {fileID: 0}
  m_NavMeshLayer: 0
  m_StaticEditorFlags: 0
  m_IsActive: 1
--- !u!1 &100132
GameObject:
  m_ObjectHideFlags: 1
  m_PrefabParentObject: {fileID: 0}
  m_PrefabInternal: {fileID: 100100000}
  serializedVersion: 4
  m_Component:
  - 4: {fileID: 400132}
  m_Layer: 10
  m_Name: char_ethan_RightHandIndex3
  m_TagString: Untagged
  m_Icon: {fileID: 0}
  m_NavMeshLayer: 0
  m_StaticEditorFlags: 0
  m_IsActive: 1
--- !u!1 &100134
GameObject:
  m_ObjectHideFlags: 1
  m_PrefabParentObject: {fileID: 0}
  m_PrefabInternal: {fileID: 100100000}
  serializedVersion: 4
  m_Component:
  - 4: {fileID: 400134}
  m_Layer: 10
  m_Name: char_ethan_RightHandMiddle2
  m_TagString: Untagged
  m_Icon: {fileID: 0}
  m_NavMeshLayer: 0
  m_StaticEditorFlags: 0
  m_IsActive: 1
--- !u!1 &100136
GameObject:
  m_ObjectHideFlags: 1
  m_PrefabParentObject: {fileID: 0}
  m_PrefabInternal: {fileID: 100100000}
  serializedVersion: 4
  m_Component:
  - 4: {fileID: 400136}
  m_Layer: 10
  m_Name: char_ethan_Head
  m_TagString: Untagged
  m_Icon: {fileID: 0}
  m_NavMeshLayer: 0
  m_StaticEditorFlags: 0
  m_IsActive: 1
--- !u!1 &100138
GameObject:
  m_ObjectHideFlags: 1
  m_PrefabParentObject: {fileID: 0}
  m_PrefabInternal: {fileID: 100100000}
  serializedVersion: 4
  m_Component:
  - 4: {fileID: 400138}
  m_Layer: 10
  m_Name: char_ethan_Hips
  m_TagString: Untagged
  m_Icon: {fileID: 0}
  m_NavMeshLayer: 0
  m_StaticEditorFlags: 0
  m_IsActive: 1
--- !u!1 &100140
GameObject:
  m_ObjectHideFlags: 1
  m_PrefabParentObject: {fileID: 0}
  m_PrefabInternal: {fileID: 100100000}
  serializedVersion: 4
  m_Component:
  - 4: {fileID: 400140}
  m_Layer: 10
  m_Name: char_ethan_LeftHandRing1
  m_TagString: Untagged
  m_Icon: {fileID: 0}
  m_NavMeshLayer: 0
  m_StaticEditorFlags: 0
  m_IsActive: 1
--- !u!1 &100142
GameObject:
  m_ObjectHideFlags: 1
  m_PrefabParentObject: {fileID: 0}
  m_PrefabInternal: {fileID: 100100000}
  serializedVersion: 4
  m_Component:
  - 4: {fileID: 400142}
  m_Layer: 10
  m_Name: char_ethan_RightHandPinky4
  m_TagString: Untagged
  m_Icon: {fileID: 0}
  m_NavMeshLayer: 0
  m_StaticEditorFlags: 0
  m_IsActive: 1
--- !u!1 &100144
GameObject:
  m_ObjectHideFlags: 1
  m_PrefabParentObject: {fileID: 0}
  m_PrefabInternal: {fileID: 100100000}
  serializedVersion: 4
  m_Component:
  - 4: {fileID: 400144}
  m_Layer: 10
  m_Name: char_ethan_RightHandThumb1
  m_TagString: Untagged
  m_Icon: {fileID: 0}
  m_NavMeshLayer: 0
  m_StaticEditorFlags: 0
  m_IsActive: 1
--- !u!1 &100146
GameObject:
  m_ObjectHideFlags: 1
  m_PrefabParentObject: {fileID: 0}
  m_PrefabInternal: {fileID: 100100000}
  serializedVersion: 4
  m_Component:
  - 4: {fileID: 400146}
  m_Layer: 10
  m_Name: char_ethan_RightHandThumb3
  m_TagString: Untagged
  m_Icon: {fileID: 0}
  m_NavMeshLayer: 0
  m_StaticEditorFlags: 0
  m_IsActive: 1
--- !u!1 &100148
GameObject:
  m_ObjectHideFlags: 1
  m_PrefabParentObject: {fileID: 0}
  m_PrefabInternal: {fileID: 100100000}
  serializedVersion: 4
  m_Component:
  - 4: {fileID: 400148}
  m_Layer: 10
  m_Name: char_ethan_RightHandThumb2
  m_TagString: Untagged
  m_Icon: {fileID: 0}
  m_NavMeshLayer: 0
  m_StaticEditorFlags: 0
  m_IsActive: 1
--- !u!1 &100150
GameObject:
  m_ObjectHideFlags: 1
  m_PrefabParentObject: {fileID: 0}
  m_PrefabInternal: {fileID: 100100000}
  serializedVersion: 4
  m_Component:
  - 4: {fileID: 400150}
  m_Layer: 10
  m_Name: char_ethan_LeftBlink
  m_TagString: Untagged
  m_Icon: {fileID: 0}
  m_NavMeshLayer: 0
  m_StaticEditorFlags: 0
  m_IsActive: 1
--- !u!1 &100152
GameObject:
  m_ObjectHideFlags: 1
  m_PrefabParentObject: {fileID: 0}
  m_PrefabInternal: {fileID: 100100000}
  serializedVersion: 4
  m_Component:
  - 4: {fileID: 400152}
  m_Layer: 10
  m_Name: char_ethan_LeftFoot
  m_TagString: Untagged
  m_Icon: {fileID: 0}
  m_NavMeshLayer: 0
  m_StaticEditorFlags: 0
  m_IsActive: 1
--- !u!1 &100154
GameObject:
  m_ObjectHideFlags: 0
  m_PrefabParentObject: {fileID: 0}
  m_PrefabInternal: {fileID: 100100000}
  serializedVersion: 4
  m_Component:
  - 4: {fileID: 400154}
  - 137: {fileID: 13700006}
  m_Layer: 10
  m_Name: char_ethan_glasses
  m_TagString: Untagged
  m_Icon: {fileID: 0}
  m_NavMeshLayer: 0
  m_StaticEditorFlags: 0
  m_IsActive: 1
--- !u!1 &100156
GameObject:
  m_ObjectHideFlags: 1
  m_PrefabParentObject: {fileID: 0}
  m_PrefabInternal: {fileID: 100100000}
  serializedVersion: 4
  m_Component:
  - 4: {fileID: 400156}
  m_Layer: 10
  m_Name: char_ethan_Head1
  m_TagString: Untagged
  m_Icon: {fileID: 0}
  m_NavMeshLayer: 0
  m_StaticEditorFlags: 0
  m_IsActive: 1
--- !u!1 &100158
GameObject:
  m_ObjectHideFlags: 1
  m_PrefabParentObject: {fileID: 0}
  m_PrefabInternal: {fileID: 100100000}
  serializedVersion: 4
  m_Component:
  - 4: {fileID: 400158}
  m_Layer: 10
  m_Name: char_ethan_RightShoulder
  m_TagString: Untagged
  m_Icon: {fileID: 0}
  m_NavMeshLayer: 0
  m_StaticEditorFlags: 0
  m_IsActive: 1
--- !u!1 &100160
GameObject:
  m_ObjectHideFlags: 1
  m_PrefabParentObject: {fileID: 0}
  m_PrefabInternal: {fileID: 100100000}
  serializedVersion: 4
  m_Component:
  - 4: {fileID: 400160}
  m_Layer: 10
  m_Name: char_ethan_LeftHandIndex2
  m_TagString: Untagged
  m_Icon: {fileID: 0}
  m_NavMeshLayer: 0
  m_StaticEditorFlags: 0
  m_IsActive: 1
--- !u!1 &100162
GameObject:
  m_ObjectHideFlags: 1
  m_PrefabParentObject: {fileID: 0}
  m_PrefabInternal: {fileID: 100100000}
  serializedVersion: 4
  m_Component:
  - 4: {fileID: 400162}
  m_Layer: 10
  m_Name: char_ethan_LeftArm
  m_TagString: Untagged
  m_Icon: {fileID: 0}
  m_NavMeshLayer: 0
  m_StaticEditorFlags: 0
  m_IsActive: 1
--- !u!1 &100164
GameObject:
  m_ObjectHideFlags: 1
  m_PrefabParentObject: {fileID: 0}
  m_PrefabInternal: {fileID: 100100000}
  serializedVersion: 4
  m_Component:
  - 4: {fileID: 400164}
  m_Layer: 10
  m_Name: char_ethan_LeftHandMiddle2
  m_TagString: Untagged
  m_Icon: {fileID: 0}
  m_NavMeshLayer: 0
  m_StaticEditorFlags: 0
  m_IsActive: 1
--- !u!1 &100166
GameObject:
  m_ObjectHideFlags: 1
  m_PrefabParentObject: {fileID: 0}
  m_PrefabInternal: {fileID: 100100000}
  serializedVersion: 4
  m_Component:
  - 4: {fileID: 400166}
  m_Layer: 10
  m_Name: char_ethan_LeftUpperLip
  m_TagString: Untagged
  m_Icon: {fileID: 0}
  m_NavMeshLayer: 0
  m_StaticEditorFlags: 0
  m_IsActive: 1
--- !u!1 &100168
GameObject:
  m_ObjectHideFlags: 1
  m_PrefabParentObject: {fileID: 0}
  m_PrefabInternal: {fileID: 100100000}
  serializedVersion: 4
  m_Component:
  - 4: {fileID: 400168}
  m_Layer: 10
  m_Name: char_ethan_LeftHandIndex3
  m_TagString: Untagged
  m_Icon: {fileID: 0}
  m_NavMeshLayer: 0
  m_StaticEditorFlags: 0
  m_IsActive: 1
--- !u!1 &100170
GameObject:
  m_ObjectHideFlags: 1
  m_PrefabParentObject: {fileID: 0}
  m_PrefabInternal: {fileID: 100100000}
  serializedVersion: 4
  m_Component:
  - 4: {fileID: 400170}
  m_Layer: 10
  m_Name: char_ethan_LeftToe2
  m_TagString: Untagged
  m_Icon: {fileID: 0}
  m_NavMeshLayer: 0
  m_StaticEditorFlags: 0
  m_IsActive: 1
--- !u!1 &100172
GameObject:
  m_ObjectHideFlags: 1
  m_PrefabParentObject: {fileID: 0}
  m_PrefabInternal: {fileID: 100100000}
  serializedVersion: 4
  m_Component:
  - 4: {fileID: 400172}
  m_Layer: 10
  m_Name: char_ethan_RightHandRing4
  m_TagString: Untagged
  m_Icon: {fileID: 0}
  m_NavMeshLayer: 0
  m_StaticEditorFlags: 0
  m_IsActive: 1
--- !u!1 &100174
GameObject:
  m_ObjectHideFlags: 1
  m_PrefabParentObject: {fileID: 0}
  m_PrefabInternal: {fileID: 100100000}
  serializedVersion: 4
  m_Component:
  - 4: {fileID: 400174}
  m_Layer: 10
  m_Name: char_ethan_Spine2
  m_TagString: Untagged
  m_Icon: {fileID: 0}
  m_NavMeshLayer: 0
  m_StaticEditorFlags: 0
  m_IsActive: 1
--- !u!4 &400000
Transform:
  m_ObjectHideFlags: 1
  m_PrefabParentObject: {fileID: 0}
  m_PrefabInternal: {fileID: 100100000}
  m_GameObject: {fileID: 100000}
  m_LocalRotation: {x: 0, y: 0, z: -0.116402335, w: 0.99320215}
  m_LocalPosition: {x: -0.024453292, y: -0.00000004858162, z: -0.00000008843718}
  m_LocalScale: {x: 0.9999991, y: 0.9999992, z: 0.99999964}
  m_Children:
  - {fileID: 400096}
  m_Father: {fileID: 400086}
  m_RootOrder: 0
--- !u!4 &400002
Transform:
  m_ObjectHideFlags: 1
  m_PrefabParentObject: {fileID: 0}
  m_PrefabInternal: {fileID: 100100000}
  m_GameObject: {fileID: 100002}
  m_LocalRotation: {x: -0.5, y: 0.5, z: 0.5000007, w: -0.49999928}
  m_LocalPosition: {x: 0.17840728, y: 0.10918406, z: -0.006153461}
  m_LocalScale: {x: 0.042022243, y: 0.04202224, z: 0.042022243}
  m_Children: []
  m_Father: {fileID: 400156}
  m_RootOrder: 4
--- !u!4 &400004
Transform:
  m_ObjectHideFlags: 1
  m_PrefabParentObject: {fileID: 0}
  m_PrefabInternal: {fileID: 100100000}
  m_GameObject: {fileID: 100004}
  m_LocalRotation: {x: 0, y: -0, z: 0, w: 1}
  m_LocalPosition: {x: 0, y: 0, z: 0}
  m_LocalScale: {x: 1, y: 1, z: 1}
  m_Children:
  - {fileID: 400138}
  m_Father: {fileID: 400028}
  m_RootOrder: 4
--- !u!4 &400006
Transform:
  m_ObjectHideFlags: 1
  m_PrefabParentObject: {fileID: 0}
  m_PrefabInternal: {fileID: 100100000}
  m_GameObject: {fileID: 100006}
  m_LocalRotation: {x: 0, y: 0, z: 0.1687668, w: 0.985656}
  m_LocalPosition: {x: -0.4472963, y: 0.0000011527432, z: -0.0000000014782233}
  m_LocalScale: {x: 1.0000018, y: 1.0000021, z: 1.0000027}
  m_Children:
  - {fileID: 400108}
  m_Father: {fileID: 400068}
  m_RootOrder: 0
--- !u!4 &400008
Transform:
  m_ObjectHideFlags: 1
  m_PrefabParentObject: {fileID: 0}
  m_PrefabInternal: {fileID: 100100000}
  m_GameObject: {fileID: 100008}
  m_LocalRotation: {x: 0.36863825, y: -0.5850785, z: -0.33779472, w: 0.63850117}
  m_LocalPosition: {x: -0.036757737, y: 0.14686617, z: -0.109452076}
  m_LocalScale: {x: 1, y: 1, z: 1}
  m_Children: []
  m_Father: {fileID: 400138}
  m_RootOrder: 0
--- !u!4 &400010
Transform:
  m_ObjectHideFlags: 1
  m_PrefabParentObject: {fileID: 0}
  m_PrefabInternal: {fileID: 100100000}
  m_GameObject: {fileID: 100010}
  m_LocalRotation: {x: 0.6502113, y: -0.33336297, z: -0.0075111305, w: 0.68266976}
  m_LocalPosition: {x: -0.04959091, y: 0.024764474, z: -0.04397232}
  m_LocalScale: {x: 0.99999857, y: 1.0000007, z: 1.0000005}
  m_Children:
  - {fileID: 400036}
  m_Father: {fileID: 400092}
  m_RootOrder: 4
--- !u!4 &400012
Transform:
  m_ObjectHideFlags: 1
  m_PrefabParentObject: {fileID: 0}
  m_PrefabInternal: {fileID: 100100000}
  m_GameObject: {fileID: 100012}
  m_LocalRotation: {x: 0, y: -0, z: -0, w: 1}
  m_LocalPosition: {x: -0.16000068, y: -0.24488027, z: -0.47156736}
  m_LocalScale: {x: 0.118662305, y: 0.42823797, z: 1.2217115}
  m_Children: []
  m_Father: {fileID: 400118}
  m_RootOrder: 2
--- !u!4 &400014
Transform:
  m_ObjectHideFlags: 1
  m_PrefabParentObject: {fileID: 0}
  m_PrefabInternal: {fileID: 100100000}
  m_GameObject: {fileID: 100014}
  m_LocalRotation: {x: 0.009828122, y: 0.04263664, z: -0.13038497, w: 0.9904975}
  m_LocalPosition: {x: -0.120439366, y: -0.007000004, z: -0.022304999}
  m_LocalScale: {x: 0.9999991, y: 0.99999934, z: 1.0000001}
  m_Children:
  - {fileID: 400046}
  m_Father: {fileID: 400054}
  m_RootOrder: 3
--- !u!4 &400016
Transform:
  m_ObjectHideFlags: 1
  m_PrefabParentObject: {fileID: 0}
  m_PrefabInternal: {fileID: 100100000}
  m_GameObject: {fileID: 100016}
  m_LocalRotation: {x: 0, y: 0, z: 0.16876768, w: 0.98565584}
  m_LocalPosition: {x: -0.44729626, y: 0.0000011576188, z: 0.000000016404877}
  m_LocalScale: {x: 1.0000008, y: 1.0000001, z: 0.9999994}
  m_Children:
  - {fileID: 400152}
  m_Father: {fileID: 400026}
  m_RootOrder: 0
--- !u!4 &400018
Transform:
  m_ObjectHideFlags: 1
  m_PrefabParentObject: {fileID: 0}
  m_PrefabInternal: {fileID: 100100000}
  m_GameObject: {fileID: 100018}
  m_LocalRotation: {x: 0, y: -0, z: -0, w: 1}
  m_LocalPosition: {x: -0.10217858, y: 0.000000037708812, z: -0.00000021744899}
  m_LocalScale: {x: 1.0000001, y: 1, z: 1.0000001}
  m_Children: []
  m_Father: {fileID: 400090}
  m_RootOrder: 0
--- !u!4 &400020
Transform:
  m_ObjectHideFlags: 1
  m_PrefabParentObject: {fileID: 0}
  m_PrefabInternal: {fileID: 100100000}
  m_GameObject: {fileID: 100020}
  m_LocalRotation: {x: 0, y: 0, z: -0.13052647, w: 0.9914448}
  m_LocalPosition: {x: -0.16114101, y: -0.00007857728, z: -3.603605e-10}
  m_LocalScale: {x: 0.9999997, y: 1.0000006, z: 1}
  m_Children:
  - {fileID: 400136}
  - {fileID: 400124}
  - {fileID: 400158}
  m_Father: {fileID: 400174}
  m_RootOrder: 0
--- !u!4 &400022
Transform:
  m_ObjectHideFlags: 1
  m_PrefabParentObject: {fileID: 0}
  m_PrefabInternal: {fileID: 100100000}
  m_GameObject: {fileID: 100022}
  m_LocalRotation: {x: 0, y: 0, z: -0.116401866, w: 0.9932022}
  m_LocalPosition: {x: -0.02731059, y: -0.000000019581043, z: -0.000000045521784}
  m_LocalScale: {x: 0.9999999, y: 0.99999946, z: 1}
  m_Children:
  - {fileID: 400094}
  m_Father: {fileID: 400036}
  m_RootOrder: 0
--- !u!4 &400024
Transform:
  m_ObjectHideFlags: 1
  m_PrefabParentObject: {fileID: 0}
  m_PrefabInternal: {fileID: 100100000}
  m_GameObject: {fileID: 100024}
  m_LocalRotation: {x: 0, y: 0, z: 0.22885384, w: 0.9734608}
  m_LocalPosition: {x: -0.30763036, y: -0.0000008437059, z: 0.0000000033438552}
  m_LocalScale: {x: 0.99999976, y: 1.0000014, z: 1.0000002}
  m_Children:
  - {fileID: 400054}
  m_Father: {fileID: 400076}
  m_RootOrder: 0
--- !u!4 &400026
Transform:
  m_ObjectHideFlags: 1
  m_PrefabParentObject: {fileID: 0}
  m_PrefabInternal: {fileID: 100100000}
  m_GameObject: {fileID: 100026}
  m_LocalRotation: {x: 0.009854394, y: 0.9996559, z: -0.0031334935, w: 0.024108013}
  m_LocalPosition: {x: 0.056031525, y: -0.004709351, z: 0.09295363}
  m_LocalScale: {x: 0.9999997, y: 1.0000007, z: 0.9999954}
  m_Children:
  - {fileID: 400016}
  m_Father: {fileID: 400040}
  m_RootOrder: 0
--- !u!4 &400028
Transform:
  m_ObjectHideFlags: 1
  m_PrefabParentObject: {fileID: 0}
  m_PrefabInternal: {fileID: 100100000}
  m_GameObject: {fileID: 100028}
  m_LocalRotation: {x: 0, y: 0, z: 0, w: 1}
  m_LocalPosition: {x: 0, y: 0, z: 0}
  m_LocalScale: {x: 1, y: 1, z: 1}
  m_Children:
  - {fileID: 400042}
  - {fileID: 400110}
  - {fileID: 400154}
  - {fileID: 400112}
  - {fileID: 400004}
  - {fileID: 400056}
  m_Father: {fileID: 0}
  m_RootOrder: 0
--- !u!4 &400030
Transform:
  m_ObjectHideFlags: 1
  m_PrefabParentObject: {fileID: 0}
  m_PrefabInternal: {fileID: 100100000}
  m_GameObject: {fileID: 100030}
  m_LocalRotation: {x: 0, y: -0, z: -0, w: 1}
  m_LocalPosition: {x: -0.18614721, y: -0.00012785273, z: 0.0000000010095057}
  m_LocalScale: {x: 1, y: 1, z: 1}
  m_Children:
  - {fileID: 400174}
  m_Father: {fileID: 400040}
  m_RootOrder: 2
--- !u!4 &400032
Transform:
  m_ObjectHideFlags: 1
  m_PrefabParentObject: {fileID: 0}
  m_PrefabInternal: {fileID: 100100000}
  m_GameObject: {fileID: 100032}
  m_LocalRotation: {x: 0.04401262, y: 0, z: -0, w: 0.999031}
  m_LocalPosition: {x: -0.11351931, y: -0.0009975523, z: 0.0094756745}
  m_LocalScale: {x: 0.9999987, y: 0.9999998, z: 0.99999934}
  m_Children:
  - {fileID: 400134}
  m_Father: {fileID: 400054}
  m_RootOrder: 1
--- !u!4 &400034
Transform:
  m_ObjectHideFlags: 1
  m_PrefabParentObject: {fileID: 0}
  m_PrefabInternal: {fileID: 100100000}
  m_GameObject: {fileID: 100034}
  m_LocalRotation: {x: 0, y: 0, z: -0.15961422, w: 0.98717946}
  m_LocalPosition: {x: -0.03485783, y: -0.000000024872781, z: 0.000000011356789}
  m_LocalScale: {x: 0.9999997, y: 1.0000001, z: 1.0000001}
  m_Children:
  - {fileID: 400038}
  m_Father: {fileID: 400140}
  m_RootOrder: 0
--- !u!4 &400036
Transform:
  m_ObjectHideFlags: 1
  m_PrefabParentObject: {fileID: 0}
  m_PrefabInternal: {fileID: 100100000}
  m_GameObject: {fileID: 100036}
  m_LocalRotation: {x: -0.0000037332327, y: 0.00000043753164, z: -0.116402425, w: 0.99320215}
  m_LocalPosition: {x: -0.037195526, y: -0.00000002561393, z: 0.000000047095835}
  m_LocalScale: {x: 0.9999999, y: 0.99999917, z: 1}
  m_Children:
  - {fileID: 400022}
  m_Father: {fileID: 400010}
  m_RootOrder: 0
--- !u!4 &400038
Transform:
  m_ObjectHideFlags: 1
  m_PrefabParentObject: {fileID: 0}
  m_PrefabInternal: {fileID: 100100000}
  m_GameObject: {fileID: 100038}
  m_LocalRotation: {x: 0, y: 0, z: -0.072968446, w: 0.9973343}
  m_LocalPosition: {x: -0.026104962, y: 0.000000033498136, z: -0.00000009255993}
  m_LocalScale: {x: 0.999999, y: 0.99999905, z: 0.9999993}
  m_Children:
  - {fileID: 400126}
  m_Father: {fileID: 400034}
  m_RootOrder: 0
--- !u!4 &400040
Transform:
  m_ObjectHideFlags: 1
  m_PrefabParentObject: {fileID: 0}
  m_PrefabInternal: {fileID: 100100000}
  m_GameObject: {fileID: 100040}
  m_LocalRotation: {x: -0.0000020492107, y: 0.0000006409473, z: 0.043222833, w: 0.99906546}
  m_LocalPosition: {x: -0.056228843, y: -0.00014766229, z: 0.00000003257676}
  m_LocalScale: {x: 0.9999986, y: 0.9999982, z: 1}
  m_Children:
  - {fileID: 400026}
  - {fileID: 400068}
  - {fileID: 400030}
  m_Father: {fileID: 400138}
  m_RootOrder: 1
--- !u!4 &400042
Transform:
  m_ObjectHideFlags: 1
  m_PrefabParentObject: {fileID: 0}
  m_PrefabInternal: {fileID: 100100000}
  m_GameObject: {fileID: 100042}
  m_LocalRotation: {x: -0.7071068, y: 0, z: -0, w: 0.7071068}
  m_LocalPosition: {x: 0, y: 0, z: 0}
  m_LocalScale: {x: 1, y: 1, z: 1}
  m_Children: []
  m_Father: {fileID: 400028}
  m_RootOrder: 0
--- !u!4 &400044
Transform:
  m_ObjectHideFlags: 1
  m_PrefabParentObject: {fileID: 0}
  m_PrefabInternal: {fileID: 100100000}
  m_GameObject: {fileID: 100044}
  m_LocalRotation: {x: 0, y: -0, z: -0, w: 1}
  m_LocalPosition: {x: -0.027472734, y: 0.00000003767359, z: -0.000000048013153}
  m_LocalScale: {x: 0.99999964, y: 0.9999995, z: 0.9999998}
  m_Children: []
  m_Father: {fileID: 400168}
  m_RootOrder: 0
--- !u!4 &400046
Transform:
  m_ObjectHideFlags: 1
  m_PrefabParentObject: {fileID: 0}
  m_PrefabInternal: {fileID: 100100000}
  m_GameObject: {fileID: 100046}
  m_LocalRotation: {x: 0, y: 0, z: -0.15961424, w: 0.98717946}
  m_LocalPosition: {x: -0.0348578, y: -0.000000019243961, z: 0.000000019453655}
  m_LocalScale: {x: 1, y: 1, z: 0.9999999}
  m_Children:
  - {fileID: 400102}
  m_Father: {fileID: 400014}
  m_RootOrder: 0
--- !u!4 &400048
Transform:
  m_ObjectHideFlags: 1
  m_PrefabParentObject: {fileID: 0}
  m_PrefabInternal: {fileID: 100100000}
  m_GameObject: {fileID: 100048}
  m_LocalRotation: {x: 0, y: 0, z: -0.7071068, w: 0.7071068}
  m_LocalPosition: {x: -0.10689693, y: 0.13757168, z: 0.0000004262744}
  m_LocalScale: {x: 1, y: 0.9999999, z: 1.0000024}
  m_Children:
  - {fileID: 400170}
  m_Father: {fileID: 400152}
  m_RootOrder: 0
--- !u!4 &400050
Transform:
  m_ObjectHideFlags: 1
  m_PrefabParentObject: {fileID: 0}
  m_PrefabInternal: {fileID: 100100000}
  m_GameObject: {fileID: 100050}
  m_LocalRotation: {x: 0.12646087, y: -0.033714846, z: -0.17217585, w: 0.9763332}
  m_LocalPosition: {x: -0.11463929, y: 0.009933708, z: -0.044669382}
  m_LocalScale: {x: 0.9999996, y: 0.99999905, z: 0.9999995}
  m_Children:
  - {fileID: 400058}
  m_Father: {fileID: 400054}
  m_RootOrder: 2
--- !u!4 &400052
Transform:
  m_ObjectHideFlags: 1
  m_PrefabParentObject: {fileID: 0}
  m_PrefabInternal: {fileID: 100100000}
  m_GameObject: {fileID: 100052}
  m_LocalRotation: {x: -0.044011626, y: 0, z: -0, w: 0.999031}
  m_LocalPosition: {x: -0.11351917, y: -0.0009973769, z: -0.009475662}
  m_LocalScale: {x: 0.99999887, y: 0.9999992, z: 0.99999976}
  m_Children:
  - {fileID: 400164}
  m_Father: {fileID: 400092}
  m_RootOrder: 1
--- !u!4 &400054
Transform:
  m_ObjectHideFlags: 1
  m_PrefabParentObject: {fileID: 0}
  m_PrefabInternal: {fileID: 100100000}
  m_GameObject: {fileID: 100054}
  m_LocalRotation: {x: 0.70413494, y: 0.06165396, z: -0.061604805, w: 0.70469683}
  m_LocalPosition: {x: -0.20199478, y: -0.00000040572732, z: 0.0000005546145}
  m_LocalScale: {x: 1.0000004, y: 1.0000004, z: 1.0000005}
  m_Children:
  - {fileID: 400130}
  - {fileID: 400032}
  - {fileID: 400050}
  - {fileID: 400014}
  - {fileID: 400144}
  m_Father: {fileID: 400024}
  m_RootOrder: 0
--- !u!4 &400056
Transform:
  m_ObjectHideFlags: 1
  m_PrefabParentObject: {fileID: 0}
  m_PrefabInternal: {fileID: 100100000}
  m_GameObject: {fileID: 100056}
  m_LocalRotation: {x: 0, y: 0, z: 0, w: 1}
  m_LocalPosition: {x: 0, y: 1, z: 0.46556664}
  m_LocalScale: {x: 0.1, y: 0.1, z: 0.1}
  m_Children: []
  m_Father: {fileID: 400028}
  m_RootOrder: 5
--- !u!4 &400058
Transform:
  m_ObjectHideFlags: 1
  m_PrefabParentObject: {fileID: 0}
  m_PrefabInternal: {fileID: 100100000}
  m_GameObject: {fileID: 100058}
  m_LocalRotation: {x: 0, y: 0, z: -0.11640225, w: 0.99320215}
  m_LocalPosition: {x: -0.021571167, y: -0.000000063641785, z: 0.000000015320856}
  m_LocalScale: {x: 0.99999994, y: 1.0000001, z: 1.0000004}
  m_Children:
  - {fileID: 400074}
  m_Father: {fileID: 400050}
  m_RootOrder: 0
--- !u!4 &400060
Transform:
  m_ObjectHideFlags: 1
  m_PrefabParentObject: {fileID: 0}
  m_PrefabInternal: {fileID: 100100000}
  m_GameObject: {fileID: 100060}
  m_LocalRotation: {x: -0.5, y: 0.5, z: 0.5000007, w: -0.49999928}
  m_LocalPosition: {x: 0.1867218, y: 0.08462082, z: 0.02433647}
  m_LocalScale: {x: 0.042022243, y: 0.04202224, z: 0.042022243}
  m_Children: []
  m_Father: {fileID: 400156}
  m_RootOrder: 0
--- !u!4 &400062
Transform:
  m_ObjectHideFlags: 1
  m_PrefabParentObject: {fileID: 0}
  m_PrefabInternal: {fileID: 100100000}
  m_GameObject: {fileID: 100062}
  m_LocalRotation: {x: -0.5, y: 0.5, z: 0.5000007, w: -0.49999928}
  m_LocalPosition: {x: 0.1867218, y: 0.084620886, z: -0.036639288}
  m_LocalScale: {x: 0.042022243, y: 0.04202224, z: 0.042022243}
  m_Children: []
  m_Father: {fileID: 400156}
  m_RootOrder: 2
--- !u!4 &400064
Transform:
  m_ObjectHideFlags: 1
  m_PrefabParentObject: {fileID: 0}
  m_PrefabInternal: {fileID: 100100000}
  m_GameObject: {fileID: 100064}
  m_LocalRotation: {x: -0.5, y: 0.5, z: 0.5000007, w: -0.49999928}
  m_LocalPosition: {x: -0.124862365, y: 0.10078094, z: -0.04218872}
  m_LocalScale: {x: 0.042022243, y: 0.042022243, z: 0.042022243}
  m_Children: []
  m_Father: {fileID: 400136}
  m_RootOrder: 6
--- !u!4 &400066
Transform:
  m_ObjectHideFlags: 1
  m_PrefabParentObject: {fileID: 0}
  m_PrefabInternal: {fileID: 100100000}
  m_GameObject: {fileID: 100066}
  m_LocalRotation: {x: -0.5, y: 0.5, z: 0.5000007, w: -0.49999928}
  m_LocalPosition: {x: -0.103638455, y: 0.07777089, z: -0.04218872}
  m_LocalScale: {x: 0.042022243, y: 0.042022243, z: 0.042022243}
  m_Children: []
  m_Father: {fileID: 400136}
  m_RootOrder: 7
--- !u!4 &400068
Transform:
  m_ObjectHideFlags: 1
  m_PrefabParentObject: {fileID: 0}
  m_PrefabInternal: {fileID: 100100000}
  m_GameObject: {fileID: 100068}
  m_LocalRotation: {x: 0.009854319, y: 0.9996559, z: 0.003136269, w: -0.024108127}
  m_LocalPosition: {x: 0.056031544, y: -0.0047088317, z: -0.09295365}
  m_LocalScale: {x: 0.9999996, y: 1.0000005, z: 0.9999957}
  m_Children:
  - {fileID: 400006}
  m_Father: {fileID: 400040}
  m_RootOrder: 1
--- !u!4 &400070
Transform:
  m_ObjectHideFlags: 1
  m_PrefabParentObject: {fileID: 0}
  m_PrefabInternal: {fileID: 100100000}
  m_GameObject: {fileID: 100070}
  m_LocalRotation: {x: 0.37079853, y: 0, z: -0, w: 0.9287133}
  m_LocalPosition: {x: -0.029721338, y: -0.000000026621219, z: 0.000000056022525}
  m_LocalScale: {x: 1.0000002, y: 0.9999994, z: 0.9999993}
  m_Children: []
  m_Father: {fileID: 400120}
  m_RootOrder: 0
--- !u!4 &400072
Transform:
  m_ObjectHideFlags: 1
  m_PrefabParentObject: {fileID: 0}
  m_PrefabInternal: {fileID: 100100000}
  m_GameObject: {fileID: 100072}
  m_LocalRotation: {x: 0, y: 0, z: -0.11640209, w: 0.9932022}
  m_LocalPosition: {x: -0.033000898, y: -0.000000028934425, z: -0.00000003698537}
  m_LocalScale: {x: 0.99999964, y: 0.99999994, z: 0.9999999}
  m_Children:
  - {fileID: 400088}
  m_Father: {fileID: 400164}
  m_RootOrder: 0
--- !u!4 &400074
Transform:
  m_ObjectHideFlags: 1
  m_PrefabParentObject: {fileID: 0}
  m_PrefabInternal: {fileID: 100100000}
  m_GameObject: {fileID: 100074}
  m_LocalRotation: {x: 0, y: 0, z: -0.116402104, w: 0.9932022}
  m_LocalPosition: {x: -0.024453362, y: -0.000000075479846, z: 0.000000056248272}
  m_LocalScale: {x: 0.99999887, y: 0.9999992, z: 0.9999993}
  m_Children:
  - {fileID: 400142}
  m_Father: {fileID: 400058}
  m_RootOrder: 0
--- !u!4 &400076
Transform:
  m_ObjectHideFlags: 1
  m_PrefabParentObject: {fileID: 0}
  m_PrefabInternal: {fileID: 100100000}
  m_GameObject: {fileID: 100076}
  m_LocalRotation: {x: -0.07767289, y: 0.08392581, z: -0.002901632, w: 0.993436}
  m_LocalPosition: {x: -0.15841763, y: -0.00000041142988, z: 0.00000012693485}
  m_LocalScale: {x: 1.0000004, y: 0.9999994, z: 1.0000002}
  m_Children:
  - {fileID: 400024}
  m_Father: {fileID: 400158}
  m_RootOrder: 0
--- !u!4 &400078
Transform:
  m_ObjectHideFlags: 1
  m_PrefabParentObject: {fileID: 0}
  m_PrefabInternal: {fileID: 100100000}
  m_GameObject: {fileID: 100078}
  m_LocalRotation: {x: -0.8654031, y: 0, z: 0, w: 0.5010763}
  m_LocalPosition: {x: -0.029432068, y: -0.000000038593466, z: 0.000000042795207}
  m_LocalScale: {x: 0.99999994, y: 0.99999833, z: 0.9999971}
  m_Children: []
  m_Father: {fileID: 400146}
  m_RootOrder: 0
--- !u!4 &400080
Transform:
  m_ObjectHideFlags: 1
  m_PrefabParentObject: {fileID: 0}
  m_PrefabInternal: {fileID: 100100000}
  m_GameObject: {fileID: 100080}
  m_LocalRotation: {x: 0, y: 0, z: 0.22885416, w: 0.97346073}
  m_LocalPosition: {x: -0.30763048, y: -0.0000009878349, z: 0.00000014833368}
  m_LocalScale: {x: 1.0000004, y: 1.0000019, z: 1.0000007}
  m_Children:
  - {fileID: 400092}
  m_Father: {fileID: 400162}
  m_RootOrder: 0
--- !u!4 &400082
Transform:
  m_ObjectHideFlags: 1
  m_PrefabParentObject: {fileID: 0}
  m_PrefabInternal: {fileID: 100100000}
  m_GameObject: {fileID: 100082}
  m_LocalRotation: {x: 0.48288557, y: 0, z: -0, w: 0.8756835}
  m_LocalPosition: {x: -0.027472682, y: -0.000000013879592, z: 0.000000099671055}
  m_LocalScale: {x: 0.9999998, y: 0.9999985, z: 0.9999989}
  m_Children: []
  m_Father: {fileID: 400132}
  m_RootOrder: 0
--- !u!4 &400084
Transform:
  m_ObjectHideFlags: 1
  m_PrefabParentObject: {fileID: 0}
  m_PrefabInternal: {fileID: 100100000}
  m_GameObject: {fileID: 100084}
  m_LocalRotation: {x: -0.12646116, y: 0.03371565, z: -0.17217577, w: 0.97633314}
  m_LocalPosition: {x: -0.114639096, y: 0.009933682, z: 0.044669423}
  m_LocalScale: {x: 0.9999988, y: 0.99999845, z: 0.99999917}
  m_Children:
  - {fileID: 400086}
  m_Father: {fileID: 400092}
  m_RootOrder: 2
--- !u!4 &400086
Transform:
  m_ObjectHideFlags: 1
  m_PrefabParentObject: {fileID: 0}
  m_PrefabInternal: {fileID: 100100000}
  m_GameObject: {fileID: 100086}
  m_LocalRotation: {x: 0, y: 0, z: -0.116402015, w: 0.9932022}
  m_LocalPosition: {x: -0.021571133, y: -0.000000029036418, z: -0.000000026150532}
  m_LocalScale: {x: 0.9999999, y: 1.0000002, z: 1.0000001}
  m_Children:
  - {fileID: 400000}
  m_Father: {fileID: 400084}
  m_RootOrder: 0
--- !u!4 &400088
Transform:
  m_ObjectHideFlags: 1
  m_PrefabParentObject: {fileID: 0}
  m_PrefabInternal: {fileID: 100100000}
  m_GameObject: {fileID: 100088}
  m_LocalRotation: {x: 0, y: -0, z: -0, w: 1}
  m_LocalPosition: {x: -0.029721254, y: -0.000000082094616, z: -0.000000010260722}
  m_LocalScale: {x: 1, y: 1, z: 0.99999994}
  m_Children: []
  m_Father: {fileID: 400072}
  m_RootOrder: 0
--- !u!4 &400090
Transform:
  m_ObjectHideFlags: 1
  m_PrefabParentObject: {fileID: 0}
  m_PrefabInternal: {fileID: 100100000}
  m_GameObject: {fileID: 100090}
  m_LocalRotation: {x: 0, y: 0, z: -0.7071068, w: 0.7071068}
  m_LocalPosition: {x: -0.10689689, y: 0.13757174, z: -0.00000029454736}
  m_LocalScale: {x: 0.9999998, y: 0.9999996, z: 1.0000015}
  m_Children:
  - {fileID: 400018}
  m_Father: {fileID: 400108}
  m_RootOrder: 0
--- !u!4 &400092
Transform:
  m_ObjectHideFlags: 1
  m_PrefabParentObject: {fileID: 0}
  m_PrefabInternal: {fileID: 100100000}
  m_GameObject: {fileID: 100092}
  m_LocalRotation: {x: -0.7041361, y: -0.061654046, z: -0.061605085, w: 0.7046957}
  m_LocalPosition: {x: -0.20199484, y: -0.00000035651325, z: -0.00000066686755}
  m_LocalScale: {x: 1.0000008, y: 1.0000005, z: 1.0000002}
  m_Children:
  - {fileID: 400114}
  - {fileID: 400052}
  - {fileID: 400084}
  - {fileID: 400140}
  - {fileID: 400010}
  m_Father: {fileID: 400080}
  m_RootOrder: 0
--- !u!4 &400094
Transform:
  m_ObjectHideFlags: 1
  m_PrefabParentObject: {fileID: 0}
  m_PrefabInternal: {fileID: 100100000}
  m_GameObject: {fileID: 100094}
  m_LocalRotation: {x: 0, y: -0, z: -0, w: 1}
  m_LocalPosition: {x: -0.029432025, y: -0.000000026409518, z: -0.000000074818914}
  m_LocalScale: {x: 1, y: 0.9999999, z: 0.99999964}
  m_Children: []
  m_Father: {fileID: 400022}
  m_RootOrder: 0
--- !u!4 &400096
Transform:
  m_ObjectHideFlags: 1
  m_PrefabParentObject: {fileID: 0}
  m_PrefabInternal: {fileID: 100100000}
  m_GameObject: {fileID: 100096}
  m_LocalRotation: {x: 0, y: -0, z: -0, w: 1}
  m_LocalPosition: {x: -0.015140083, y: 0.000000009721148, z: -0.000000031334384}
  m_LocalScale: {x: 1.0000001, y: 1, z: 1.0000001}
  m_Children: []
  m_Father: {fileID: 400000}
  m_RootOrder: 0
--- !u!4 &400098
Transform:
  m_ObjectHideFlags: 1
  m_PrefabParentObject: {fileID: 0}
  m_PrefabInternal: {fileID: 100100000}
  m_GameObject: {fileID: 100098}
  m_LocalRotation: {x: 0, y: 0, z: -0.15961388, w: 0.9871795}
  m_LocalPosition: {x: -0.034857776, y: -0.000000002709885, z: -4.665932e-10}
  m_LocalScale: {x: 0.9999998, y: 1, z: 1}
  m_Children:
  - {fileID: 400132}
  m_Father: {fileID: 400130}
  m_RootOrder: 0
--- !u!4 &400100
Transform:
  m_ObjectHideFlags: 1
  m_PrefabParentObject: {fileID: 0}
  m_PrefabInternal: {fileID: 100100000}
  m_GameObject: {fileID: 100100}
  m_LocalRotation: {x: -0.5, y: 0.5, z: 0.5000007, w: -0.49999928}
  m_LocalPosition: {x: 0.17840728, y: 0.09389303, z: -0.024029596}
  m_LocalScale: {x: 0.042022243, y: 0.04202224, z: 0.042022243}
  m_Children: []
  m_Father: {fileID: 400156}
  m_RootOrder: 3
--- !u!4 &400102
Transform:
  m_ObjectHideFlags: 1
  m_PrefabParentObject: {fileID: 0}
  m_PrefabInternal: {fileID: 100100000}
  m_GameObject: {fileID: 100102}
  m_LocalRotation: {x: 0, y: 0, z: -0.07296851, w: 0.99733424}
  m_LocalPosition: {x: -0.026105003, y: -0.00000014742866, z: 0.00000006493456}
  m_LocalScale: {x: 0.9999995, y: 0.9999996, z: 0.9999999}
  m_Children:
  - {fileID: 400172}
  m_Father: {fileID: 400046}
  m_RootOrder: 0
--- !u!4 &400104
Transform:
  m_ObjectHideFlags: 1
  m_PrefabParentObject: {fileID: 0}
  m_PrefabInternal: {fileID: 100100000}
  m_GameObject: {fileID: 100104}
  m_LocalRotation: {x: -0.44628233, y: 0.55759704, z: 0.54723495, w: -0.43640757}
  m_LocalPosition: {x: -0.10728317, y: 0.09061277, z: -0.04218872}
  m_LocalScale: {x: 0.042022243, y: 0.042022243, z: 0.007044167}
  m_Children: []
  m_Father: {fileID: 400136}
  m_RootOrder: 5
--- !u!4 &400106
Transform:
  m_ObjectHideFlags: 1
  m_PrefabParentObject: {fileID: 0}
  m_PrefabInternal: {fileID: 100100000}
  m_GameObject: {fileID: 100106}
  m_LocalRotation: {x: -0.5, y: 0.5, z: 0.5000007, w: -0.49999928}
  m_LocalPosition: {x: -0.103638306, y: 0.07777078, z: 0.029886471}
  m_LocalScale: {x: 0.042022243, y: 0.042022243, z: 0.042022243}
  m_Children: []
  m_Father: {fileID: 400136}
  m_RootOrder: 4
--- !u!4 &400108
Transform:
  m_ObjectHideFlags: 1
  m_PrefabParentObject: {fileID: 0}
  m_PrefabInternal: {fileID: 100100000}
  m_GameObject: {fileID: 100108}
  m_LocalRotation: {x: 0.08430426, y: -0.035964835, z: -0.13311061, w: 0.9868541}
  m_LocalPosition: {x: -0.41546267, y: 0.00000017610049, z: -0.0000000026909497}
  m_LocalScale: {x: 0.99999833, y: 0.9999975, z: 0.9999972}
  m_Children:
  - {fileID: 400090}
  m_Father: {fileID: 400006}
  m_RootOrder: 0
--- !u!4 &400110
Transform:
  m_ObjectHideFlags: 1
  m_PrefabParentObject: {fileID: 0}
  m_PrefabInternal: {fileID: 100100000}
  m_GameObject: {fileID: 100110}
  m_LocalRotation: {x: -0.7071068, y: 0, z: -0, w: 0.7071068}
  m_LocalPosition: {x: 0, y: 0, z: 0}
  m_LocalScale: {x: 1, y: 1, z: 1}
  m_Children: []
  m_Father: {fileID: 400028}
  m_RootOrder: 1
--- !u!4 &400112
Transform:
  m_ObjectHideFlags: 1
  m_PrefabParentObject: {fileID: 0}
  m_PrefabInternal: {fileID: 100100000}
  m_GameObject: {fileID: 100112}
  m_LocalRotation: {x: -0.7071068, y: 0, z: -0, w: 0.7071068}
  m_LocalPosition: {x: 0, y: 0, z: 0}
  m_LocalScale: {x: 1, y: 1, z: 1}
  m_Children: []
  m_Father: {fileID: 400028}
  m_RootOrder: 3
--- !u!4 &400114
Transform:
  m_ObjectHideFlags: 1
  m_PrefabParentObject: {fileID: 0}
  m_PrefabInternal: {fileID: 100100000}
  m_GameObject: {fileID: 100114}
  m_LocalRotation: {x: 0.0015112868, y: -0.043594297, z: -0.043560717, w: 0.9980981}
  m_LocalPosition: {x: -0.11619231, y: -0.000027461203, z: -0.03485766}
  m_LocalScale: {x: 0.999999, y: 0.99999976, z: 1.0000002}
  m_Children:
  - {fileID: 400160}
  m_Father: {fileID: 400092}
  m_RootOrder: 0
--- !u!4 &400116
Transform:
  m_ObjectHideFlags: 1
  m_PrefabParentObject: {fileID: 0}
  m_PrefabInternal: {fileID: 100100000}
  m_GameObject: {fileID: 100116}
  m_LocalRotation: {x: 0, y: -0, z: -0, w: 1}
  m_LocalPosition: {x: -0.2031795, y: -0.062709406, z: -0.47156736}
  m_LocalScale: {x: 0.118662305, y: 0.42823797, z: 1.2217115}
  m_Children: []
  m_Father: {fileID: 400118}
  m_RootOrder: 1
--- !u!4 &400118
Transform:
  m_ObjectHideFlags: 1
  m_PrefabParentObject: {fileID: 0}
  m_PrefabInternal: {fileID: 100100000}
  m_GameObject: {fileID: 100118}
  m_LocalRotation: {x: -0.49673736, y: 0.5032417, z: 0.5032421, w: -0.49673653}
  m_LocalPosition: {x: -0.040509187, y: 0.03723147, z: 0}
  m_LocalScale: {x: 0.35413304, y: 0.098128244, z: 0.03439621}
  m_Children:
  - {fileID: 400122}
  - {fileID: 400116}
  - {fileID: 400012}
  m_Father: {fileID: 400136}
  m_RootOrder: 1
--- !u!4 &400120
Transform:
  m_ObjectHideFlags: 1
  m_PrefabParentObject: {fileID: 0}
  m_PrefabInternal: {fileID: 100100000}
  m_GameObject: {fileID: 100120}
  m_LocalRotation: {x: 0, y: 0, z: -0.116401985, w: 0.9932022}
  m_LocalPosition: {x: -0.03300075, y: -0.00000008242923, z: 0.000000047249586}
  m_LocalScale: {x: 0.9999989, y: 1, z: 0.9999993}
  m_Children:
  - {fileID: 400070}
  m_Father: {fileID: 400134}
  m_RootOrder: 0
--- !u!4 &400122
Transform:
  m_ObjectHideFlags: 1
  m_PrefabParentObject: {fileID: 0}
  m_PrefabInternal: {fileID: 100100000}
  m_GameObject: {fileID: 100122}
  m_LocalRotation: {x: 0, y: -0, z: -0, w: 1}
  m_LocalPosition: {x: -0.16000068, y: 0.11950109, z: -0.47156736}
  m_LocalScale: {x: 0.118662305, y: 0.42823797, z: 1.2217115}
  m_Children: []
  m_Father: {fileID: 400118}
  m_RootOrder: 0
--- !u!4 &400124
Transform:
  m_ObjectHideFlags: 1
  m_PrefabParentObject: {fileID: 0}
  m_PrefabInternal: {fileID: 100100000}
  m_GameObject: {fileID: 100124}
  m_LocalRotation: {x: -0.53267485, y: -0.070342876, z: 0.8361329, w: -0.11041365}
  m_LocalPosition: {x: -0.00000023885343, y: 0.000081622275, z: 0.032533787}
  m_LocalScale: {x: 0.9999981, y: 1.0000001, z: 1.000001}
  m_Children:
  - {fileID: 400162}
  m_Father: {fileID: 400020}
  m_RootOrder: 1
--- !u!4 &400126
Transform:
  m_ObjectHideFlags: 1
  m_PrefabParentObject: {fileID: 0}
  m_PrefabInternal: {fileID: 100100000}
  m_GameObject: {fileID: 100126}
  m_LocalRotation: {x: 0, y: -0, z: -0, w: 1}
  m_LocalPosition: {x: -0.026351921, y: 0.000000022723748, z: -0.00000014766619}
  m_LocalScale: {x: 1, y: 1, z: 1.0000002}
  m_Children: []
  m_Father: {fileID: 400038}
  m_RootOrder: 0
--- !u!4 &400128
Transform:
  m_ObjectHideFlags: 1
  m_PrefabParentObject: {fileID: 0}
  m_PrefabInternal: {fileID: 100100000}
  m_GameObject: {fileID: 100128}
  m_LocalRotation: {x: -0.5, y: 0.5, z: 0.5000007, w: -0.49999928}
  m_LocalPosition: {x: -0.124862365, y: 0.10078083, z: 0.029886626}
  m_LocalScale: {x: 0.042022243, y: 0.042022243, z: 0.042022243}
  m_Children: []
  m_Father: {fileID: 400136}
  m_RootOrder: 3
--- !u!4 &400130
Transform:
  m_ObjectHideFlags: 1
  m_PrefabParentObject: {fileID: 0}
  m_PrefabInternal: {fileID: 100100000}
  m_GameObject: {fileID: 100130}
  m_LocalRotation: {x: -0.0015103548, y: 0.043594394, z: -0.04356067, w: 0.9980981}
  m_LocalPosition: {x: -0.11619236, y: -0.000027562983, z: 0.034857705}
  m_LocalScale: {x: 0.99999946, y: 0.9999995, z: 0.9999999}
  m_Children:
  - {fileID: 400098}
  m_Father: {fileID: 400054}
  m_RootOrder: 0
--- !u!4 &400132
Transform:
  m_ObjectHideFlags: 1
  m_PrefabParentObject: {fileID: 0}
  m_PrefabInternal: {fileID: 100100000}
  m_GameObject: {fileID: 100132}
  m_LocalRotation: {x: -0.006962159, y: -0.043059368, z: -0.15946262, w: 0.9862399}
  m_LocalPosition: {x: -0.02990257, y: 0.00000003267018, z: 0.000000101688826}
  m_LocalScale: {x: 0.9999994, y: 0.9999991, z: 0.99999964}
  m_Children:
  - {fileID: 400082}
  m_Father: {fileID: 400098}
  m_RootOrder: 0
--- !u!4 &400134
Transform:
  m_ObjectHideFlags: 1
  m_PrefabParentObject: {fileID: 0}
  m_PrefabInternal: {fileID: 100100000}
  m_GameObject: {fileID: 100134}
  m_LocalRotation: {x: 0, y: 0, z: -0.24504499, w: 0.96951175}
  m_LocalPosition: {x: -0.040667377, y: -0.00000006833039, z: 0.000000013546092}
  m_LocalScale: {x: 1.0000007, y: 0.9999999, z: 1.0000007}
  m_Children:
  - {fileID: 400120}
  m_Father: {fileID: 400032}
  m_RootOrder: 0
--- !u!4 &400136
Transform:
  m_ObjectHideFlags: 1
  m_PrefabParentObject: {fileID: 0}
  m_PrefabInternal: {fileID: 100100000}
  m_GameObject: {fileID: 100136}
  m_LocalRotation: {x: 0, y: 0, z: 0.08755202, w: 0.99616}
  m_LocalPosition: {x: -0.12407498, y: 0.009350442, z: 0.00000009645666}
  m_LocalScale: {x: 1.0000017, y: 1.0000012, z: 1}
  m_Children:
  - {fileID: 400156}
  - {fileID: 400118}
  - {fileID: 400150}
  - {fileID: 400128}
  - {fileID: 400106}
  - {fileID: 400104}
  - {fileID: 400064}
  - {fileID: 400066}
  m_Father: {fileID: 400020}
  m_RootOrder: 0
--- !u!4 &400138
Transform:
  m_ObjectHideFlags: 1
  m_PrefabParentObject: {fileID: 0}
  m_PrefabInternal: {fileID: 100100000}
  m_GameObject: {fileID: 100138}
  m_LocalRotation: {x: 0.7071068, y: -0.7071068, z: 0.00000093439513, w: -0.0000009343952}
  m_LocalPosition: {x: 0.04128198, y: 0.97757584, z: -0.006153641}
  m_LocalScale: {x: 0.9999991, y: 0.9999991, z: 1}
  m_Children:
  - {fileID: 400008}
  - {fileID: 400040}
  m_Father: {fileID: 400004}
  m_RootOrder: 0
--- !u!4 &400140
Transform:
  m_ObjectHideFlags: 1
  m_PrefabParentObject: {fileID: 0}
  m_PrefabInternal: {fileID: 100100000}
  m_GameObject: {fileID: 100140}
  m_LocalRotation: {x: -0.009827725, y: -0.042636342, z: -0.13038509, w: 0.9904975}
  m_LocalPosition: {x: -0.12043926, y: -0.006999948, z: 0.02230499}
  m_LocalScale: {x: 0.999999, y: 0.9999993, z: 1.0000001}
  m_Children:
  - {fileID: 400034}
  m_Father: {fileID: 400092}
  m_RootOrder: 3
--- !u!4 &400142
Transform:
  m_ObjectHideFlags: 1
  m_PrefabParentObject: {fileID: 0}
  m_PrefabInternal: {fileID: 100100000}
  m_GameObject: {fileID: 100142}
  m_LocalRotation: {x: 0.19383524, y: 0, z: -0, w: 0.9810341}
  m_LocalPosition: {x: -0.015140008, y: 0.00000004380202, z: 0.00000008217012}
  m_LocalScale: {x: 1.0000007, y: 1, z: 1.0000004}
  m_Children: []
  m_Father: {fileID: 400074}
  m_RootOrder: 0
--- !u!4 &400144
Transform:
  m_ObjectHideFlags: 1
  m_PrefabParentObject: {fileID: 0}
  m_PrefabInternal: {fileID: 100100000}
  m_GameObject: {fileID: 100144}
  m_LocalRotation: {x: -0.650211, y: 0.33336297, z: -0.0075102425, w: 0.68267006}
  m_LocalPosition: {x: -0.049590994, y: 0.024764283, z: 0.043972425}
  m_LocalScale: {x: 0.9999985, y: 1.0000008, z: 1.0000007}
  m_Children:
  - {fileID: 400148}
  m_Father: {fileID: 400054}
  m_RootOrder: 4
--- !u!4 &400146
Transform:
  m_ObjectHideFlags: 1
  m_PrefabParentObject: {fileID: 0}
  m_PrefabInternal: {fileID: 100100000}
  m_GameObject: {fileID: 100146}
  m_LocalRotation: {x: 0, y: 0, z: -0.11640177, w: 0.9932022}
  m_LocalPosition: {x: -0.027310375, y: -0.000000043419007, z: 0.0000000057512586}
  m_LocalScale: {x: 1.0000005, y: 0.99999976, z: 1}
  m_Children:
  - {fileID: 400078}
  m_Father: {fileID: 400148}
  m_RootOrder: 0
--- !u!4 &400148
Transform:
  m_ObjectHideFlags: 1
  m_PrefabParentObject: {fileID: 0}
  m_PrefabInternal: {fileID: 100100000}
  m_GameObject: {fileID: 100148}
  m_LocalRotation: {x: 0.0000028225907, y: -0.00000033080497, z: -0.11640236, w: 0.99320215}
  m_LocalPosition: {x: -0.03719558, y: -0.00000003740911, z: -0.00000009445997}
  m_LocalScale: {x: 1.0000001, y: 0.9999993, z: 1}
  m_Children:
  - {fileID: 400146}
  m_Father: {fileID: 400144}
  m_RootOrder: 0
--- !u!4 &400150
Transform:
  m_ObjectHideFlags: 1
  m_PrefabParentObject: {fileID: 0}
  m_PrefabInternal: {fileID: 100100000}
  m_GameObject: {fileID: 100150}
  m_LocalRotation: {x: -0.43938157, y: 0.5540251, z: 0.55402577, w: -0.4393808}
  m_LocalPosition: {x: -0.10728317, y: 0.09061266, z: 0.029886624}
  m_LocalScale: {x: 0.042022243, y: 0.042022243, z: 0.007044167}
  m_Children: []
  m_Father: {fileID: 400136}
  m_RootOrder: 2
--- !u!4 &400152
Transform:
  m_ObjectHideFlags: 1
  m_PrefabParentObject: {fileID: 0}
  m_PrefabInternal: {fileID: 100100000}
  m_GameObject: {fileID: 100152}
  m_LocalRotation: {x: -0.08430489, y: 0.035964992, z: -0.13311163, w: 0.98685384}
  m_LocalPosition: {x: -0.41546303, y: 0.000000972745, z: 0.000000023119373}
  m_LocalScale: {x: 0.9999995, y: 0.9999996, z: 1.0000004}
  m_Children:
  - {fileID: 400048}
  m_Father: {fileID: 400016}
  m_RootOrder: 0
--- !u!4 &400154
Transform:
  m_ObjectHideFlags: 1
  m_PrefabParentObject: {fileID: 0}
  m_PrefabInternal: {fileID: 100100000}
  m_GameObject: {fileID: 100154}
  m_LocalRotation: {x: -0.7071068, y: 0, z: -0, w: 0.7071068}
  m_LocalPosition: {x: 0, y: 0, z: 0}
  m_LocalScale: {x: 1, y: 1, z: 1}
  m_Children: []
  m_Father: {fileID: 400028}
  m_RootOrder: 2
--- !u!4 &400156
Transform:
  m_ObjectHideFlags: 1
  m_PrefabParentObject: {fileID: 0}
  m_PrefabInternal: {fileID: 100100000}
  m_GameObject: {fileID: 100156}
  m_LocalRotation: {x: -2.653394e-14, y: 0, z: -0, w: 1}
  m_LocalPosition: {x: -0.21844101, y: 0, z: 0}
  m_LocalScale: {x: 1, y: 1, z: 1}
  m_Children:
  - {fileID: 400060}
  - {fileID: 400166}
  - {fileID: 400062}
  - {fileID: 400100}
  - {fileID: 400002}
  m_Father: {fileID: 400136}
  m_RootOrder: 0
--- !u!4 &400158
Transform:
  m_ObjectHideFlags: 1
  m_PrefabParentObject: {fileID: 0}
  m_PrefabInternal: {fileID: 100100000}
  m_GameObject: {fileID: 100158}
  m_LocalRotation: {x: 0.53267515, y: 0.07034028, z: 0.83613276, w: -0.11041488}
  m_LocalPosition: {x: -0.0000001935718, y: 0.000081778315, z: -0.032533783}
  m_LocalScale: {x: 0.99999756, y: 0.9999998, z: 1.0000007}
  m_Children:
  - {fileID: 400076}
  m_Father: {fileID: 400020}
  m_RootOrder: 2
--- !u!4 &400160
Transform:
  m_ObjectHideFlags: 1
  m_PrefabParentObject: {fileID: 0}
  m_PrefabInternal: {fileID: 100100000}
  m_GameObject: {fileID: 100160}
  m_LocalRotation: {x: 0, y: 0, z: -0.15961395, w: 0.9871795}
  m_LocalPosition: {x: -0.034857713, y: 0.0000000067443344, z: -0.0000000577013}
  m_LocalScale: {x: 0.99999976, y: 0.9999997, z: 0.9999999}
  m_Children:
  - {fileID: 400168}
  m_Father: {fileID: 400114}
  m_RootOrder: 0
--- !u!4 &400162
Transform:
  m_ObjectHideFlags: 1
  m_PrefabParentObject: {fileID: 0}
  m_PrefabInternal: {fileID: 100100000}
  m_GameObject: {fileID: 100162}
  m_LocalRotation: {x: 0.07767313, y: -0.08392566, z: -0.002902045, w: 0.9934359}
  m_LocalPosition: {x: -0.15841763, y: -0.00000034359547, z: -0.00000017902306}
  m_LocalScale: {x: 0.9999994, y: 0.99999887, z: 0.99999976}
  m_Children:
  - {fileID: 400080}
  m_Father: {fileID: 400124}
  m_RootOrder: 0
--- !u!4 &400164
Transform:
  m_ObjectHideFlags: 1
  m_PrefabParentObject: {fileID: 0}
  m_PrefabInternal: {fileID: 100100000}
  m_GameObject: {fileID: 100164}
  m_LocalRotation: {x: 0, y: 0, z: -0.24504508, w: 0.9695117}
  m_LocalPosition: {x: -0.04066739, y: -4.7523085e-10, z: 0.000000015350041}
  m_LocalScale: {x: 0.9999997, y: 0.9999996, z: 0.99999976}
  m_Children:
  - {fileID: 400072}
  m_Father: {fileID: 400052}
  m_RootOrder: 0
--- !u!4 &400166
Transform:
  m_ObjectHideFlags: 1
  m_PrefabParentObject: {fileID: 0}
  m_PrefabInternal: {fileID: 100100000}
  m_GameObject: {fileID: 100166}
  m_LocalRotation: {x: -0.5, y: 0.5, z: 0.5000007, w: -0.49999928}
  m_LocalPosition: {x: 0.17840728, y: 0.09389299, z: 0.011726512}
  m_LocalScale: {x: 0.042022243, y: 0.04202224, z: 0.042022243}
  m_Children: []
  m_Father: {fileID: 400156}
  m_RootOrder: 1
--- !u!4 &400168
Transform:
  m_ObjectHideFlags: 1
  m_PrefabParentObject: {fileID: 0}
  m_PrefabInternal: {fileID: 100100000}
  m_GameObject: {fileID: 100168}
  m_LocalRotation: {x: 0.0069621685, y: 0.04305953, z: -0.15946224, w: 0.98623997}
  m_LocalPosition: {x: -0.029902674, y: -0.000000102028594, z: -0.00000004515495}
  m_LocalScale: {x: 0.99999964, y: 0.9999998, z: 0.9999996}
  m_Children:
  - {fileID: 400044}
  m_Father: {fileID: 400160}
  m_RootOrder: 0
--- !u!4 &400170
Transform:
  m_ObjectHideFlags: 1
  m_PrefabParentObject: {fileID: 0}
  m_PrefabInternal: {fileID: 100100000}
  m_GameObject: {fileID: 100170}
  m_LocalRotation: {x: 1, y: -0, z: 0, w: -0.0000006652444}
  m_LocalPosition: {x: -0.10217855, y: -0.000000018857868, z: 0.00000030981923}
  m_LocalScale: {x: 1.0000001, y: 1.0000024, z: 1.0000026}
  m_Children: []
  m_Father: {fileID: 400048}
  m_RootOrder: 0
--- !u!4 &400172
Transform:
  m_ObjectHideFlags: 1
  m_PrefabParentObject: {fileID: 0}
  m_PrefabInternal: {fileID: 100100000}
  m_GameObject: {fileID: 100172}
  m_LocalRotation: {x: 0.4587138, y: 0, z: -0, w: 0.8885841}
  m_LocalPosition: {x: -0.026352057, y: 0.0000000011416587, z: 0.00000014381423}
  m_LocalScale: {x: 1.0000006, y: 0.9999988, z: 0.9999997}
  m_Children: []
  m_Father: {fileID: 400102}
  m_RootOrder: 0
--- !u!4 &400174
Transform:
  m_ObjectHideFlags: 1
  m_PrefabParentObject: {fileID: 0}
  m_PrefabInternal: {fileID: 100100000}
  m_GameObject: {fileID: 100174}
  m_LocalRotation: {x: 0, y: -0, z: -0, w: 1}
  m_LocalPosition: {x: -0.16112016, y: -0.00012791165, z: -4.041074e-10}
  m_LocalScale: {x: 1, y: 1, z: 1}
  m_Children:
  - {fileID: 400020}
  m_Father: {fileID: 400030}
  m_RootOrder: 0
--- !u!23 &2300000
MeshRenderer:
  m_ObjectHideFlags: 1
  m_PrefabParentObject: {fileID: 0}
  m_PrefabInternal: {fileID: 100100000}
  m_GameObject: {fileID: 100056}
  m_Enabled: 1
  m_CastShadows: 1
  m_ReceiveShadows: 1
  m_Materials:
  - {fileID: 10302, guid: 0000000000000000f000000000000000, type: 0}
  m_SubsetIndices: 
  m_StaticBatchRoot: {fileID: 0}
  m_UseLightProbes: 0
  m_ReflectionProbeUsage: 1
  m_ProbeAnchor: {fileID: 0}
  m_ScaleInLightmap: 1
  m_PreserveUVs: 0
  m_IgnoreNormalsForChartDetection: 0
  m_ImportantGI: 0
  m_MinimumChartSize: 4
  m_AutoUVMaxDistance: 0.5
  m_AutoUVMaxAngle: 89
  m_LightmapParameters: {fileID: 0}
  m_SortingLayerID: 0
  m_SortingOrder: 0
--- !u!33 &3300000
MeshFilter:
  m_ObjectHideFlags: 1
  m_PrefabParentObject: {fileID: 0}
  m_PrefabInternal: {fileID: 100100000}
  m_GameObject: {fileID: 100056}
  m_Mesh: {fileID: 10207, guid: 0000000000000000e000000000000000, type: 0}
--- !u!54 &5400000
Rigidbody:
  m_ObjectHideFlags: 1
  m_PrefabParentObject: {fileID: 0}
  m_PrefabInternal: {fileID: 100100000}
  m_GameObject: {fileID: 100028}
  serializedVersion: 2
  m_Mass: 1
  m_Drag: 0.05
  m_AngularDrag: 0.05
  m_UseGravity: 0
  m_IsKinematic: 0
  m_Interpolate: 0
  m_Constraints: 116
  m_CollisionDetection: 0
--- !u!95 &9500000
Animator:
  serializedVersion: 3
  m_ObjectHideFlags: 1
  m_PrefabParentObject: {fileID: 0}
  m_PrefabInternal: {fileID: 100100000}
  m_GameObject: {fileID: 100028}
  m_Enabled: 1
  m_Avatar: {fileID: 9000000, guid: 3b059b06d05c0e04ba42674f84feac25, type: 3}
  m_Controller: {fileID: 9100000, guid: 1db68d53accfc2c4893b2b3e5707d6e7, type: 2}
  m_CullingMode: 0
  m_UpdateMode: 1
  m_ApplyRootMotion: 0
  m_LinearVelocityBlending: 0
  m_WarningMessage: 
  m_HasTransformHierarchy: 1
  m_AllowConstantClipSamplingOptimization: 1
--- !u!114 &11407296
MonoBehaviour:
  m_ObjectHideFlags: 1
  m_PrefabParentObject: {fileID: 0}
  m_PrefabInternal: {fileID: 100100000}
  m_GameObject: {fileID: 100028}
  m_Enabled: 1
  m_EditorHideFlags: 0
  m_Script: {fileID: 11500000, guid: b0bb19dcedaff8c489945a4fc7c75460, type: 3}
  m_Name: 
  m_EditorClassIdentifier: 
  maxHealth: 50
  speed: 7.5
  currentSpeed: 7.5
  gunBarrel: {fileID: 400056}
--- !u!136 &13600000
CapsuleCollider:
  m_ObjectHideFlags: 1
  m_PrefabParentObject: {fileID: 0}
  m_PrefabInternal: {fileID: 100100000}
  m_GameObject: {fileID: 100028}
  m_Material: {fileID: 0}
  m_IsTrigger: 0
  m_Enabled: 1
  m_Radius: 0.18
  m_Height: 2
  m_Direction: 1
  m_Center: {x: 0, y: 1, z: 0}
--- !u!137 &13700000
SkinnedMeshRenderer:
  m_ObjectHideFlags: 1
  m_PrefabParentObject: {fileID: 0}
  m_PrefabInternal: {fileID: 100100000}
  m_GameObject: {fileID: 100042}
  m_Enabled: 1
  m_CastShadows: 1
  m_ReceiveShadows: 1
  m_Materials:
  - {fileID: 2100000, guid: 785482efa1f3bd44990d291dabd52134, type: 2}
  m_SubsetIndices: 
  m_StaticBatchRoot: {fileID: 0}
  m_UseLightProbes: 0
  m_ReflectionProbeUsage: 1
  m_ProbeAnchor: {fileID: 0}
  m_ScaleInLightmap: 1
  m_PreserveUVs: 0
  m_IgnoreNormalsForChartDetection: 0
  m_ImportantGI: 0
  m_MinimumChartSize: 4
  m_AutoUVMaxDistance: 0.5
  m_AutoUVMaxAngle: 89
  m_LightmapParameters: {fileID: 0}
  m_SortingLayerID: 0
  m_SortingOrder: 0
  serializedVersion: 2
  m_Quality: 0
  m_UpdateWhenOffscreen: 0
  m_Mesh: {fileID: 4300014, guid: 3b059b06d05c0e04ba42674f84feac25, type: 3}
  m_Bones:
  - {fileID: 400174}
  m_BlendShapeWeights: []
  m_RootBone: {fileID: 400174}
  m_AABB:
    m_Center: {x: -0.01392892, y: -0.13127172, z: 0.012483895}
    m_Extent: {x: 0.31367114, y: 0.03755441, z: 0.28049502}
  m_DirtyAABB: 0
--- !u!137 &13700002
SkinnedMeshRenderer:
  m_ObjectHideFlags: 1
  m_PrefabParentObject: {fileID: 0}
  m_PrefabInternal: {fileID: 100100000}
  m_GameObject: {fileID: 100110}
  m_Enabled: 1
  m_CastShadows: 1
  m_ReceiveShadows: 1
  m_Materials:
  - {fileID: 2100000, guid: 95a17367db09fb94aab08cf386c85bd0, type: 2}
  - {fileID: 2100000, guid: df28c0bfcc5d6e54a8dd0af16009a50e, type: 2}
  - {fileID: 2100000, guid: 2f332f152b68838489cad04ed1f8b7be, type: 2}
  - {fileID: 2100000, guid: 4a7ebdc5ae5252941af338745ff89de5, type: 2}
  - {fileID: 2100000, guid: 360819a2d7fedd64481e09a33359fd80, type: 2}
  m_SubsetIndices: 
  m_StaticBatchRoot: {fileID: 0}
  m_UseLightProbes: 0
  m_ReflectionProbeUsage: 1
  m_ProbeAnchor: {fileID: 0}
  m_ScaleInLightmap: 1
  m_PreserveUVs: 0
  m_IgnoreNormalsForChartDetection: 0
  m_ImportantGI: 0
  m_MinimumChartSize: 4
  m_AutoUVMaxDistance: 0.5
  m_AutoUVMaxAngle: 89
  m_LightmapParameters: {fileID: 0}
  m_SortingLayerID: 0
  m_SortingOrder: 0
  serializedVersion: 2
  m_Quality: 0
  m_UpdateWhenOffscreen: 0
  m_Mesh: {fileID: 4300012, guid: 3b059b06d05c0e04ba42674f84feac25, type: 3}
  m_Bones:
  - {fileID: 400090}
  - {fileID: 400048}
  - {fileID: 400062}
  - {fileID: 400012}
  - {fileID: 400100}
  - {fileID: 400066}
  - {fileID: 400104}
  - {fileID: 400060}
  - {fileID: 400122}
  - {fileID: 400166}
  - {fileID: 400002}
  - {fileID: 400116}
  - {fileID: 400106}
  - {fileID: 400150}
  - {fileID: 400128}
  - {fileID: 400064}
  - {fileID: 400146}
  - {fileID: 400148}
  - {fileID: 400058}
  - {fileID: 400074}
  - {fileID: 400050}
  - {fileID: 400046}
  - {fileID: 400102}
  - {fileID: 400014}
  - {fileID: 400134}
  - {fileID: 400120}
  - {fileID: 400032}
  - {fileID: 400098}
  - {fileID: 400132}
  - {fileID: 400130}
  - {fileID: 400144}
  - {fileID: 400054}
  - {fileID: 400022}
  - {fileID: 400036}
  - {fileID: 400086}
  - {fileID: 400000}
  - {fileID: 400084}
  - {fileID: 400034}
  - {fileID: 400038}
  - {fileID: 400140}
  - {fileID: 400164}
  - {fileID: 400072}
  - {fileID: 400052}
  - {fileID: 400160}
  - {fileID: 400168}
  - {fileID: 400114}
  - {fileID: 400010}
  - {fileID: 400092}
  - {fileID: 400016}
  - {fileID: 400080}
  - {fileID: 400162}
  - {fileID: 400118}
  - {fileID: 400020}
  - {fileID: 400152}
  - {fileID: 400108}
  - {fileID: 400006}
  - {fileID: 400008}
  - {fileID: 400024}
  - {fileID: 400136}
  - {fileID: 400026}
  - {fileID: 400068}
  - {fileID: 400124}
  - {fileID: 400138}
  - {fileID: 400040}
  - {fileID: 400030}
  - {fileID: 400076}
  - {fileID: 400174}
  - {fileID: 400158}
  m_BlendShapeWeights: []
  m_RootBone: {fileID: 400138}
  m_AABB:
    m_Center: {x: -0.012534082, y: 0.009923808, z: -0.0061535835}
    m_Extent: {x: 0.985521, y: 0.18280661, z: 0.6879112}
  m_DirtyAABB: 0
--- !u!137 &13700004
SkinnedMeshRenderer:
  m_ObjectHideFlags: 1
  m_PrefabParentObject: {fileID: 0}
  m_PrefabInternal: {fileID: 100100000}
  m_GameObject: {fileID: 100112}
  m_Enabled: 1
  m_CastShadows: 1
  m_ReceiveShadows: 1
  m_Materials:
  - {fileID: 2100000, guid: 95a17367db09fb94aab08cf386c85bd0, type: 2}
  - {fileID: 2100000, guid: df28c0bfcc5d6e54a8dd0af16009a50e, type: 2}
  m_SubsetIndices: 
  m_StaticBatchRoot: {fileID: 0}
  m_UseLightProbes: 0
  m_ReflectionProbeUsage: 1
  m_ProbeAnchor: {fileID: 0}
  m_ScaleInLightmap: 1
  m_PreserveUVs: 0
  m_IgnoreNormalsForChartDetection: 0
  m_ImportantGI: 0
  m_MinimumChartSize: 4
  m_AutoUVMaxDistance: 0.5
  m_AutoUVMaxAngle: 89
  m_LightmapParameters: {fileID: 0}
  m_SortingLayerID: 0
  m_SortingOrder: 0
  serializedVersion: 2
  m_Quality: 0
  m_UpdateWhenOffscreen: 0
  m_Mesh: {fileID: 4300008, guid: 3b059b06d05c0e04ba42674f84feac25, type: 3}
  m_Bones:
  - {fileID: 400162}
  - {fileID: 400158}
  - {fileID: 400124}
  - {fileID: 400040}
  - {fileID: 400174}
  - {fileID: 400030}
  m_BlendShapeWeights: []
  m_RootBone: {fileID: 400040}
  m_AABB:
    m_Center: {x: -0.3543395, y: -0.11836807, z: -0.004976645}
    m_Extent: {x: 0.1621525, y: 0.057883523, z: 0.15247141}
  m_DirtyAABB: 0
--- !u!137 &13700006
SkinnedMeshRenderer:
  m_ObjectHideFlags: 1
  m_PrefabParentObject: {fileID: 0}
  m_PrefabInternal: {fileID: 100100000}
  m_GameObject: {fileID: 100154}
  m_Enabled: 1
  m_CastShadows: 1
  m_ReceiveShadows: 1
  m_Materials:
  - {fileID: 2100000, guid: df28c0bfcc5d6e54a8dd0af16009a50e, type: 2}
  - {fileID: 2100000, guid: 360819a2d7fedd64481e09a33359fd80, type: 2}
  m_SubsetIndices: 
  m_StaticBatchRoot: {fileID: 0}
  m_UseLightProbes: 0
  m_ReflectionProbeUsage: 1
  m_ProbeAnchor: {fileID: 0}
  m_ScaleInLightmap: 1
  m_PreserveUVs: 0
  m_IgnoreNormalsForChartDetection: 0
  m_ImportantGI: 0
  m_MinimumChartSize: 4
  m_AutoUVMaxDistance: 0.5
  m_AutoUVMaxAngle: 89
  m_LightmapParameters: {fileID: 0}
  m_SortingLayerID: 0
  m_SortingOrder: 0
  serializedVersion: 2
  m_Quality: 0
  m_UpdateWhenOffscreen: 0
  m_Mesh: {fileID: 4300010, guid: 3b059b06d05c0e04ba42674f84feac25, type: 3}
  m_Bones:
  - {fileID: 400136}
  m_BlendShapeWeights: []
  m_RootBone: {fileID: 400136}
  m_AABB:
    m_Center: {x: -0.10302587, y: 0.047685817, z: -0.0061534345}
    m_Extent: {x: 0.019265734, y: 0.072167076, z: 0.08862932}
  m_DirtyAABB: 0
--- !u!195 &19500000
NavMeshAgent:
  m_ObjectHideFlags: 1
  m_PrefabParentObject: {fileID: 0}
  m_PrefabInternal: {fileID: 100100000}
  m_GameObject: {fileID: 100028}
  m_Enabled: 1
  m_Radius: 0.25
  m_Speed: 5
  m_Acceleration: 10
  avoidancePriority: 50
  m_AngularSpeed: 360
  m_StoppingDistance: 1
  m_AutoTraverseOffMeshLink: 1
  m_AutoBraking: 0
  m_AutoRepath: 0
  m_Height: 2
  m_BaseOffset: 0
  m_WalkableMask: 4294967295
  m_ObstacleAvoidanceType: 4
--- !u!1001 &100100000
Prefab:
  m_ObjectHideFlags: 1
  serializedVersion: 2
  m_Modification:
    m_TransformParent: {fileID: 0}
    m_Modifications: []
    m_RemovedComponents: []
  m_ParentPrefab: {fileID: 0}
  m_RootGameObject: {fileID: 100028}
  m_IsPrefabParent: 1
